,tradeDate,secID,ticker,assetClass,exchangeCD,secFullName,currencyCD,tradePrice,tradeVal,tradeVol,buyerBD,sellerBD
0,2012-07-02,002594.XSHE,002594,E,XSHE,比亚迪,CNY,17.87,768.41,43.0,光大证券股份有限公司上海西藏中路证券营业部,海通证券股份有限公司丹阳丹金路证券营业部
1,2012-07-02,002594.XSHE,002594,E,XSHE,比亚迪,CNY,17.87,553.97,31.0,中国国际金融有限公司上海淮海中路证券营业部,中国国际金融有限公司宁波扬帆路证券营业部
2,2012-07-02,002594.XSHE,002594,E,XSHE,比亚迪,CNY,17.87,768.41,43.0,中国国际金融有限公司上海淮海中路证券营业部,中国国际金融有限公司宁波扬帆路证券营业部
3,2012-07-02,002594.XSHE,002594,E,XSHE,比亚迪,CNY,17.87,768.41,43.0,光大证券股份有限公司上海西藏中路证券营业部,中国国际金融有限公司宁波扬帆路证券营业部
4,2012-07-02,002594.XSHE,002594,E,XSHE,比亚迪,CNY,17.87,768.41,43.0,华泰证券股份有限公司上海澳门路证券营业部,海通证券股份有限公司丹阳丹金路证券营业部
5,2012-07-02,002594.XSHE,002594,E,XSHE,比亚迪,CNY,17.87,768.41,43.0,华泰证券股份有限公司上海澳门路证券营业部,中国国际金融有限公司宁波扬帆路证券营业部
6,2012-07-02,002594.XSHE,002594,E,XSHE,比亚迪,CNY,17.87,768.41,43.0,华泰证券股份有限公司北京月坛南街证券营业部,中国国际金融有限公司宁波扬帆路证券营业部
7,2012-07-02,002594.XSHE,002594,E,XSHE,比亚迪,CNY,17.87,768.41,43.0,中国国际金融有限公司深圳福华一路证券营业部,中国国际金融有限公司宁波扬帆路证券营业部
8,2012-07-02,002594.XSHE,002594,E,XSHE,比亚迪,CNY,17.87,768.41,43.0,华泰证券股份有限公司北京月坛南街证券营业部,海通证券股份有限公司丹阳丹金路证券营业部
9,2012-07-03,002594.XSHE,002594,E,XSHE,比亚迪,CNY,18.25,693.5,38.0,中国国际金融有限公司上海淮海中路证券营业部,中国国际金融有限公司宁波扬帆路证券营业部
10,2012-07-03,002594.XSHE,002594,E,XSHE,比亚迪,CNY,18.25,693.5,38.0,中国国际金融有限公司深圳福华一路证券营业部,中国国际金融有限公司宁波扬帆路证券营业部
11,2012-07-03,002594.XSHE,002594,E,XSHE,比亚迪,CNY,18.25,693.5,38.0,中国国际金融有限公司上海淮海中路证券营业部,中国国际金融有限公司宁波扬帆路证券营业部
12,2012-07-03,002594.XSHE,002594,E,XSHE,比亚迪,CNY,18.25,693.5,38.0,中国国际金融有限公司上海淮海中路证券营业部,中国国际金融有限公司宁波扬帆路证券营业部
13,2012-07-03,002594.XSHE,002594,E,XSHE,比亚迪,CNY,18.25,383.25,21.0,光大证券股份有限公司上海西藏中路证券营业部,中国国际金融有限公司宁波扬帆路证券营业部
14,2012-07-03,002594.XSHE,002594,E,XSHE,比亚迪,CNY,18.25,693.5,38.0,光大证券股份有限公司上海西藏中路证券营业部,海通证券股份有限公司丹阳丹金路证券营业部
15,2012-07-03,002594.XSHE,002594,E,XSHE,比亚迪,CNY,18.25,693.5,38.0,中国国际金融有限公司上海淮海中路证券营业部,中国国际金融有限公司宁波扬帆路证券营业部
16,2012-07-03,002594.XSHE,002594,E,XSHE,比亚迪,CNY,18.25,693.5,38.0,光大证券股份有限公司上海西藏中路证券营业部,海通证券股份有限公司丹阳丹金路证券营业部
17,2012-07-03,002594.XSHE,002594,E,XSHE,比亚迪,CNY,18.25,693.5,38.0,光大证券股份有限公司上海西藏中路证券营业部,海通证券股份有限公司丹阳丹金路证券营业部
18,2012-07-06,002594.XSHE,002594,E,XSHE,比亚迪,CNY,18.3,549.0,30.0,华泰证券股份有限公司上海瑞金一路证券营业部,中国国际金融有限公司宁波扬帆路证券营业部
19,2012-07-06,002594.XSHE,002594,E,XSHE,比亚迪,CNY,18.3,549.0,30.0,中信证券股份有限公司上海淮海中路证券营业部,中国国际金融有限公司宁波扬帆路证券营业部
20,2012-07-06,002594.XSHE,002594,E,XSHE,比亚迪,CNY,18.3,549.0,30.0,中国国际金融有限公司深圳福华一路证券营业部,中国国际金融有限公司宁波扬帆路证券营业部
21,2012-07-06,002594.XSHE,002594,E,XSHE,比亚迪,CNY,18.3,549.0,30.0,光大证券股份有限公司上海西藏中路证券营业部,海通证券股份有限公司丹阳丹金路证券营业部
22,2012-07-06,002594.XSHE,002594,E,XSHE,比亚迪,CNY,18.3,366.0,20.0,光大证券股份有限公司上海西藏中路证券营业部,中国国际金融有限公司宁波扬帆路证券营业部
23,2012-07-06,002594.XSHE,002594,E,XSHE,比亚迪,CNY,18.3,549.0,30.0,光大证券股份有限公司上海西藏中路证券营业部,中国国际金融有限公司宁波扬帆路证券营业部
24,2012-07-06,002594.XSHE,002594,E,XSHE,比亚迪,CNY,18.3,549.0,30.0,华泰证券股份有限公司北京月坛南街证券营业部,海通证券股份有限公司丹阳丹金路证券营业部
25,2012-07-06,002594.XSHE,002594,E,XSHE,比亚迪,CNY,18.3,549.0,30.0,华泰证券股份有限公司上海澳门路证券营业部,海通证券股份有限公司丹阳丹金路证券营业部
26,2012-07-06,002594.XSHE,002594,E,XSHE,比亚迪,CNY,18.3,549.0,30.0,中信证券股份有限公司上海淮海中路证券营业部,中国国际金融有限公司宁波扬帆路证券营业部
27,2012-07-12,002594.XSHE,002594,E,XSHE,比亚迪,CNY,18.3,915.0,50.0,国泰君安证券股份有限公司上海陆家嘴东路证券营业部,海通证券股份有限公司丹阳丹金路证券营业部
28,2012-07-12,002594.XSHE,002594,E,XSHE,比亚迪,CNY,18.3,549.0,30.0,广州证券有限责任公司佛山南海大道证券营业部,海通证券股份有限公司丹阳丹金路证券营业部
29,2012-07-12,002594.XSHE,002594,E,XSHE,比亚迪,CNY,18.3,366.0,20.0,中国国际金融有限公司上海淮海中路证券营业部,中国国际金融有限公司宁波扬帆路证券营业部
30,2012-07-12,002594.XSHE,002594,E,XSHE,比亚迪,CNY,18.3,2013.0,110.0,中国国际金融有限公司上海淮海中路证券营业部,中国国际金融有限公司宁波扬帆路证券营业部
31,2012-07-12,002594.XSHE,002594,E,XSHE,比亚迪,CNY,18.3,1464.0,80.0,国泰君安证券股份有限公司上海陆家嘴东路证券营业部,海通证券股份有限公司丹阳丹金路证券营业部
32,2012-07-12,002594.XSHE,002594,E,XSHE,比亚迪,CNY,18.3,1830.0,100.0,中国国际金融有限公司上海淮海中路证券营业部,海通证券股份有限公司盐城建军中路证券营业部
33,2012-07-12,002594.XSHE,002594,E,XSHE,比亚迪,CNY,18.3,1464.0,80.0,中国国际金融有限公司上海淮海中路证券营业部,中国国际金融有限公司宁波扬帆路证券营业部
34,2012-07-12,002594.XSHE,002594,E,XSHE,比亚迪,CNY,18.3,1464.0,80.0,中信建投证券股份有限公司上海福山路证券营业部,中国国际金融有限公司宁波扬帆路证券营业部
35,2012-07-13,002594.XSHE,002594,E,XSHE,比亚迪,CNY,17.8,1495.2,84.0,华泰证券股份有限公司上海澳门路证券营业部,中国国际金融有限公司宁波扬帆路证券营业部
36,2012-07-13,002594.XSHE,002594,E,XSHE,比亚迪,CNY,17.8,961.2,54.0,中国国际金融有限公司深圳福华一路证券营业部,中国国际金融有限公司宁波扬帆路证券营业部
37,2012-07-13,002594.XSHE,002594,E,XSHE,比亚迪,CNY,17.8,729.8,41.0,光大证券股份有限公司上海西藏中路证券营业部,海通证券股份有限公司盐城建军中路证券营业部
38,2012-07-13,002594.XSHE,002594,E,XSHE,比亚迪,CNY,17.8,961.2,54.0,华泰证券股份有限公司北京月坛南街证券营业部,海通证券股份有限公司丹阳丹金路证券营业部
39,2012-07-13,002594.XSHE,002594,E,XSHE,比亚迪,CNY,17.8,890.0,50.0,光大证券股份有限公司上海西藏中路证券营业部,中国国际金融有限公司宁波扬帆路证券营业部
40,2012-07-13,002594.XSHE,002594,E,XSHE,比亚迪,CNY,17.8,516.2,29.0,光大证券股份有限公司上海西藏中路证券营业部,中国国际金融有限公司宁波扬帆路证券营业部
41,2012-07-13,002594.XSHE,002594,E,XSHE,比亚迪,CNY,17.8,961.2,54.0,中国国际金融有限公司深圳福华一路证券营业部,中国国际金融有限公司宁波扬帆路证券营业部
42,2012-07-13,002594.XSHE,002594,E,XSHE,比亚迪,CNY,17.8,801.0,45.0,华泰证券股份有限公司北京月坛南街证券营业部,中国国际金融有限公司宁波扬帆路证券营业部
43,2012-07-13,002594.XSHE,002594,E,XSHE,比亚迪,CNY,17.8,1851.2,104.0,中国国际金融有限公司上海淮海中路证券营业部,海通证券股份有限公司丹阳丹金路证券营业部
44,2012-07-13,002594.XSHE,002594,E,XSHE,比亚迪,CNY,17.8,765.4,43.0,华泰证券股份有限公司上海瑞金一路证券营业部,海通证券股份有限公司盐城建军中路证券营业部
45,2012-07-13,002594.XSHE,002594,E,XSHE,比亚迪,CNY,17.8,1495.2,84.0,中信证券股份有限公司上海淮海中路证券营业部,海通证券股份有限公司丹阳丹金路证券营业部
46,2012-07-13,002594.XSHE,002594,E,XSHE,比亚迪,CNY,17.8,356.0,20.0,光大证券股份有限公司上海西藏中路证券营业部,海通证券股份有限公司盐城建军中路证券营业部
47,2012-07-19,002594.XSHE,002594,E,XSHE,比亚迪,CNY,16.0,4608.0,288.0,华泰证券股份有限公司上海牡丹江路证券营业部,海通证券股份有限公司盐城建军中路证券营业部
48,2012-07-25,002594.XSHE,002594,E,XSHE,比亚迪,CNY,15.5,2325.0,150.0,中国国际金融有限公司上海淮海中路证券营业部,中国国际金融有限公司宁波扬帆路证券营业部
49,2012-07-25,002594.XSHE,002594,E,XSHE,比亚迪,CNY,15.5,1317.5,85.0,光大证券股份有限公司上海西藏中路证券营业部,宏源证券股份有限公司盐城大庆中路证券营业部
50,2012-07-25,002594.XSHE,002594,E,XSHE,比亚迪,CNY,15.5,465.0,30.0,光大证券股份有限公司上海西藏中路证券营业部,中国国际金融有限公司宁波扬帆路证券营业部
51,2012-07-25,002594.XSHE,002594,E,XSHE,比亚迪,CNY,15.5,2015.0,130.0,中国国际金融有限公司深圳福华一路证券营业部,中国国际金融有限公司宁波扬帆路证券营业部
52,2012-07-25,002594.XSHE,002594,E,XSHE,比亚迪,CNY,15.5,310.0,20.0,光大证券股份有限公司上海西藏中路证券营业部,中国国际金融有限公司宁波扬帆路证券营业部
53,2012-07-25,002594.XSHE,002594,E,XSHE,比亚迪,CNY,15.5,1240.0,80.0,中信证券股份有限公司上海淮海中路证券营业部,中国国际金融有限公司宁波扬帆路证券营业部
54,2012-07-25,002594.XSHE,002594,E,XSHE,比亚迪,CNY,15.5,1937.5,125.0,光大证券股份有限公司上海西藏中路证券营业部,宏源证券股份有限公司盐城大庆中路证券营业部
55,2012-07-25,002594.XSHE,002594,E,XSHE,比亚迪,CNY,15.5,930.0,60.0,光大证券股份有限公司上海西藏中路证券营业部,中国国际金融有限公司宁波扬帆路证券营业部
56,2012-07-25,002594.XSHE,002594,E,XSHE,比亚迪,CNY,15.5,1550.0,100.0,华泰证券股份有限公司上海瑞金一路证券营业部,宏源证券股份有限公司盐城大庆中路证券营业部
57,2012-07-25,002594.XSHE,002594,E,XSHE,比亚迪,CNY,15.5,775.0,50.0,华泰证券股份有限公司北京月坛南街证券营业部,中国国际金融有限公司宁波扬帆路证券营业部
58,2012-07-25,002594.XSHE,002594,E,XSHE,比亚迪,CNY,15.5,341.0,22.0,长江证券股份有限公司上海宁波路证券营业部,宏源证券股份有限公司盐城大庆中路证券营业部
59,2012-07-25,002594.XSHE,002594,E,XSHE,比亚迪,CNY,15.5,1395.0,90.0,华泰证券股份有限公司上海澳门路证券营业部,中国国际金融有限公司宁波扬帆路证券营业部
60,2012-07-25,002594.XSHE,002594,E,XSHE,比亚迪,CNY,15.5,589.0,38.0,中信证券股份有限公司上海淮海中路证券营业部,宏源证券股份有限公司盐城大庆中路证券营业部
61,2012-07-27,002594.XSHE,002594,E,XSHE,比亚迪,CNY,13.78,909.48,66.0,招商证券股份有限公司深圳笋岗路证券营业部,海通证券股份有限公司盐城建军中路证券营业部
62,2012-07-27,002594.XSHE,002594,E,XSHE,比亚迪,CNY,13.78,826.8,60.0,招商证券股份有限公司深圳笋岗路证券营业部,宏源证券股份有限公司盐城大庆中路证券营业部
63,2012-07-27,002594.XSHE,002594,E,XSHE,比亚迪,CNY,14.3,1944.8,136.0,中信证券股份有限公司上海淮海中路证券营业部,海通证券股份有限公司丹阳丹金路证券营业部
64,2012-07-27,002594.XSHE,002594,E,XSHE,比亚迪,CNY,14.3,1458.6,102.0,华泰证券股份有限公司上海澳门路证券营业部,海通证券股份有限公司丹阳丹金路证券营业部
65,2012-07-27,002594.XSHE,002594,E,XSHE,比亚迪,CNY,13.78,909.48,66.0,招商证券股份有限公司深圳笋岗路证券营业部,海通证券股份有限公司丹阳丹金路证券营业部
66,2012-07-27,002594.XSHE,002594,E,XSHE,比亚迪,CNY,14.3,715.0,50.0,华泰证券股份有限公司上海瑞金一路证券营业部,中国国际金融有限公司宁波扬帆路证券营业部
67,2012-07-27,002594.XSHE,002594,E,XSHE,比亚迪,CNY,14.3,1887.6,132.0,光大证券股份有限公司上海西藏中路证券营业部,中国国际金融有限公司宁波扬帆路证券营业部
68,2012-07-27,002594.XSHE,002594,E,XSHE,比亚迪,CNY,14.3,1254.11,87.7,光大证券股份有限公司上海西藏中路证券营业部,海通证券股份有限公司丹阳丹金路证券营业部
69,2012-07-27,002594.XSHE,002594,E,XSHE,比亚迪,CNY,13.78,2756.0,200.0,宏源证券股份有限公司深圳福华一路证券营业部,宏源证券股份有限公司盐城大庆中路证券营业部
70,2012-07-27,002594.XSHE,002594,E,XSHE,比亚迪,CNY,14.3,614.9,43.0,华泰证券股份有限公司北京月坛南街证券营业部,海通证券股份有限公司丹阳丹金路证券营业部
71,2012-07-27,002594.XSHE,002594,E,XSHE,比亚迪,CNY,14.3,1577.29,110.3,华泰证券股份有限公司北京月坛南街证券营业部,海通证券股份有限公司丹阳丹金路证券营业部
72,2012-07-27,002594.XSHE,002594,E,XSHE,比亚迪,CNY,14.3,943.8,66.0,中国国际金融有限公司上海淮海中路证券营业部,中国国际金融有限公司宁波扬帆路证券营业部
73,2012-07-27,002594.XSHE,002594,E,XSHE,比亚迪,CNY,13.78,2204.8,160.0,宏源证券股份有限公司深圳福华一路证券营业部,海通证券股份有限公司丹阳丹金路证券营业部
74,2012-07-27,002594.XSHE,002594,E,XSHE,比亚迪,CNY,13.78,551.2,40.0,招商证券股份有限公司深圳笋岗路证券营业部,海通证券股份有限公司盐城建军中路证券营业部
75,2012-07-27,002594.XSHE,002594,E,XSHE,比亚迪,CNY,14.3,943.8,66.0,中国国际金融有限公司上海淮海中路证券营业部,中国国际金融有限公司宁波扬帆路证券营业部
76,2012-07-27,002594.XSHE,002594,E,XSHE,比亚迪,CNY,13.78,909.48,66.0,招商证券股份有限公司深圳笋岗路证券营业部,中国国际金融有限公司宁波扬帆路证券营业部
77,2012-07-27,002594.XSHE,002594,E,XSHE,比亚迪,CNY,14.3,1973.4,138.0,中国国际金融有限公司深圳福华一路证券营业部,海通证券股份有限公司丹阳丹金路证券营业部
78,2012-07-27,002594.XSHE,002594,E,XSHE,比亚迪,CNY,14.3,414.7,29.0,华泰证券股份有限公司上海瑞金一路证券营业部,中国国际金融有限公司宁波扬帆路证券营业部
79,2012-07-31,002594.XSHE,002594,E,XSHE,比亚迪,CNY,12.78,1993.68,156.0,招商证券股份有限公司深圳笋岗路证券营业部,海通证券股份有限公司盐城建军中路证券营业部
80,2012-07-31,002594.XSHE,002594,E,XSHE,比亚迪,CNY,12.78,417.47,32.67,海通证券股份有限公司深圳分公司海德三道证券营业部,海通证券股份有限公司丹阳丹金路证券营业部
81,2012-08-01,002594.XSHE,002594,E,XSHE,比亚迪,CNY,12.78,417.47,32.67,海通证券股份有限公司深圳分公司海德三道证券营业部,海通证券股份有限公司深圳分公司海德三道证券营业部
82,2012-08-01,002594.XSHE,002594,E,XSHE,比亚迪,CNY,12.78,1252.44,98.0,海通证券股份有限公司深圳分公司海德三道证券营业部,海通证券股份有限公司丹阳丹金路证券营业部
83,2012-08-02,002594.XSHE,002594,E,XSHE,比亚迪,CNY,12.84,979.69,76.3,海通证券股份有限公司深圳分公司海德三道证券营业部,海通证券股份有限公司丹阳丹金路证券营业部
84,2012-08-06,002594.XSHE,002594,E,XSHE,比亚迪,CNY,12.97,1945.5,150.0,招商证券股份有限公司深圳笋岗路证券营业部,海通证券股份有限公司盐城建军中路证券营业部
85,2012-08-06,002594.XSHE,002594,E,XSHE,比亚迪,CNY,12.98,2596.0,200.0,中国银河证券股份有限公司深圳宝安路证券营业部,海通证券股份有限公司丹阳丹金路证券营业部
86,2012-08-09,002594.XSHE,002594,E,XSHE,比亚迪,CNY,13.53,1217.7,90.0,东吴证券股份有限公司深圳宝安大道证券营业部,海通证券股份有限公司盐城建军中路证券营业部
87,2012-08-09,002594.XSHE,002594,E,XSHE,比亚迪,CNY,13.53,1353.0,100.0,招商证券股份有限公司深圳笋岗路证券营业部,海通证券股份有限公司盐城建军中路证券营业部
88,2013-09-12,002594.XSHE,002594,E,XSHE,比亚迪,CNY,38.89,1166.7,30.0,机构专用,中信建投证券股份有限公司南通工农北路证券营业部
89,2013-09-12,002594.XSHE,002594,E,XSHE,比亚迪,CNY,38.89,583.35,15.0,机构专用,中信建投证券股份有限公司南通工农北路证券营业部
90,2013-09-12,002594.XSHE,002594,E,XSHE,比亚迪,CNY,38.89,1166.7,30.0,机构专用,中信建投证券股份有限公司南通工农北路证券营业部
91,2013-09-12,002594.XSHE,002594,E,XSHE,比亚迪,CNY,38.89,388.9,10.0,机构专用,中信建投证券股份有限公司南通工农北路证券营业部
92,2013-09-12,002594.XSHE,002594,E,XSHE,比亚迪,CNY,38.89,1555.6,40.0,机构专用,中信建投证券股份有限公司南通工农北路证券营业部
93,2013-09-12,002594.XSHE,002594,E,XSHE,比亚迪,CNY,38.89,972.25,25.0,机构专用,中信建投证券股份有限公司南通工农北路证券营业部
94,2013-09-12,002594.XSHE,002594,E,XSHE,比亚迪,CNY,38.89,11083.65,285.0,机构专用,中信建投证券股份有限公司南通工农北路证券营业部
95,2013-09-12,002594.XSHE,002594,E,XSHE,比亚迪,CNY,38.89,1555.6,40.0,机构专用,中信建投证券股份有限公司南通工农北路证券营业部
96,2013-09-12,002594.XSHE,002594,E,XSHE,比亚迪,CNY,38.89,972.25,25.0,机构专用,中信建投证券股份有限公司南通工农北路证券营业部
97,2013-09-12,002594.XSHE,002594,E,XSHE,比亚迪,CNY,38.89,1944.5,50.0,机构专用,中信建投证券股份有限公司南通工农北路证券营业部
98,2013-09-12,002594.XSHE,002594,E,XSHE,比亚迪,CNY,38.89,1166.7,30.0,机构专用,中信建投证券股份有限公司南通工农北路证券营业部
99,2013-09-12,002594.XSHE,002594,E,XSHE,比亚迪,CNY,38.89,777.8,20.0,机构专用,中信建投证券股份有限公司南通工农北路证券营业部
100,2013-10-17,002594.XSHE,002594,E,XSHE,比亚迪,CNY,37.85,346.1,9.14,机构专用,机构专用
101,2013-11-20,002594.XSHE,002594,E,XSHE,比亚迪,CNY,32.49,2144.34,66.0,招商证券股份有限公司深圳笋岗路证券营业部,宏源证券股份有限公司盐城大庆中路证券营业部
102,2013-11-28,002594.XSHE,002594,E,XSHE,比亚迪,CNY,34.3,2058.0,60.0,宏源证券股份有限公司深圳福华一路证券营业部,海通证券股份有限公司扬州汶河南路证券营业部
103,2013-12-06,002594.XSHE,002594,E,XSHE,比亚迪,CNY,33.89,6778.0,200.0,海通证券股份有限公司深圳分公司海德三道证券营业部,海通证券股份有限公司丹阳丹金路证券营业部
104,2013-12-12,002594.XSHE,002594,E,XSHE,比亚迪,CNY,33.55,11742.5,350.0,海通证券股份有限公司深圳分公司海德三道证券营业部,海通证券股份有限公司丹阳丹金路证券营业部
105,2014-05-14,002594.XSHE,002594,E,XSHE,比亚迪,CNY,37.62,3762.0,100.0,海通证券股份有限公司深圳分公司海德三道证券营业部,海通证券股份有限公司丹阳丹金路证券营业部
106,2014-05-26,002594.XSHE,002594,E,XSHE,比亚迪,CNY,37.94,4992.9,131.6,海通证券股份有限公司深圳分公司海德三道证券营业部,海通证券股份有限公司丹阳丹金路证券营业部
107,2014-06-04,002594.XSHE,002594,E,XSHE,比亚迪,CNY,41.32,2995.7,72.5,宏源证券股份有限公司深圳福华一路证券营业部,宏源证券股份有限公司南通工农北路证券营业部
108,2014-06-05,002594.XSHE,002594,E,XSHE,比亚迪,CNY,40.22,5671.02,141.0,宏源证券股份有限公司深圳福华一路证券营业部,宏源证券股份有限公司南通工农北路证券营业部
109,2014-06-06,002594.XSHE,002594,E,XSHE,比亚迪,CNY,40.82,2000.18,49.0,海通证券股份有限公司深圳分公司海德三道证券营业部,海通证券股份有限公司丹阳丹金路证券营业部
110,2014-06-06,002594.XSHE,002594,E,XSHE,比亚迪,CNY,40.82,6980.22,171.0,宏源证券股份有限公司深圳福华一路证券营业部,宏源证券股份有限公司南通工农北路证券营业部
111,2014-06-10,002594.XSHE,002594,E,XSHE,比亚迪,CNY,41.13,3731.89,90.73,宏源证券股份有限公司深圳福华一路证券营业部,宏源证券股份有限公司南通工农北路证券营业部
112,2014-06-12,002594.XSHE,002594,E,XSHE,比亚迪,CNY,40.77,2038.5,50.0,海通证券股份有限公司深圳分公司海德三道证券营业部,海通证券股份有限公司丹阳丹金路证券营业部
113,2014-06-13,002594.XSHE,002594,E,XSHE,比亚迪,CNY,40.63,4063.0,100.0,海通证券股份有限公司深圳分公司海德三道证券营业部,海通证券股份有限公司丹阳丹金路证券营业部
114,2014-07-02,002594.XSHE,002594,E,XSHE,比亚迪,CNY,42.93,669.94,15.61,招商证券股份有限公司深圳笋岗路证券营业部,中国国际金融有限公司厦门莲岳路证券营业部
115,2014-07-07,002594.XSHE,002594,E,XSHE,比亚迪,CNY,43.46,4824.06,111.0,中信证券股份有限公司深圳福华一路证券营业部,中信证券股份有限公司南通工农路证券营业部
116,2014-07-08,002594.XSHE,002594,E,XSHE,比亚迪,CNY,42.98,4298.0,100.0,中信证券股份有限公司南通工农路证券营业部,中信证券股份有限公司深圳福华一路证券营业部
117,2014-07-08,002594.XSHE,002594,E,XSHE,比亚迪,CNY,42.98,7650.44,178.0,中信证券股份有限公司深圳福华一路证券营业部,中信证券股份有限公司南通工农路证券营业部
118,2014-07-09,002594.XSHE,002594,E,XSHE,比亚迪,CNY,48.25,431.84,8.95,瑞银证券有限责任公司上海花园石桥路证券营业部,瑞银证券有限责任公司上海花园石桥路证券营业部
119,2014-07-10,002594.XSHE,002594,E,XSHE,比亚迪,CNY,47.15,843.99,17.9,瑞银证券有限责任公司上海花园石桥路证券营业部,瑞银证券有限责任公司上海花园石桥路证券营业部
120,2014-07-10,002594.XSHE,002594,E,XSHE,比亚迪,CNY,43.16,12084.8,280.0,中信证券股份有限公司深圳福华一路证券营业部,中信证券股份有限公司南通工农路证券营业部
121,2014-07-11,002594.XSHE,002594,E,XSHE,比亚迪,CNY,41.93,12872.51,307.0,中信证券股份有限公司深圳福华一路证券营业部,中信证券股份有限公司南通工农路证券营业部
122,2014-07-14,002594.XSHE,002594,E,XSHE,比亚迪,CNY,48.94,362.16,7.4,瑞银证券有限责任公司上海花园石桥路证券营业部,机构专用
123,2014-07-14,002594.XSHE,002594,E,XSHE,比亚迪,CNY,42.22,6333.0,150.0,中信证券股份有限公司深圳福华一路证券营业部,中信证券股份有限公司深圳福华一路证券营业部
124,2014-07-14,002594.XSHE,002594,E,XSHE,比亚迪,CNY,42.22,5235.28,124.0,中信证券股份有限公司深圳福华一路证券营业部,中信证券股份有限公司南通工农路证券营业部
125,2014-07-15,002594.XSHE,002594,E,XSHE,比亚迪,CNY,46.3,6991.3,151.0,中信证券股份有限公司深圳福华一路证券营业部,中信证券股份有限公司南通工农路证券营业部
126,2014-07-18,002594.XSHE,002594,E,XSHE,比亚迪,CNY,41.84,502.08,12.0,中国国际金融有限公司深圳福华一路证券营业部,中国国际金融有限公司厦门莲岳路证券营业部
127,2014-07-18,002594.XSHE,002594,E,XSHE,比亚迪,CNY,41.84,661.07,15.8,中国国际金融有限公司深圳福华一路证券营业部,中国国际金融有限公司厦门莲岳路证券营业部
128,2014-07-18,002594.XSHE,002594,E,XSHE,比亚迪,CNY,41.84,2510.4,60.0,中国国际金融有限公司深圳福华一路证券营业部,中国国际金融有限公司厦门莲岳路证券营业部
129,2014-07-21,002594.XSHE,002594,E,XSHE,比亚迪,CNY,41.72,1389.28,33.3,中国国际金融有限公司深圳福华一路证券营业部,中国国际金融有限公司厦门莲岳路证券营业部
130,2014-07-22,002594.XSHE,002594,E,XSHE,比亚迪,CNY,41.43,745.74,18.0,中信证券股份有限公司深圳福华一路证券营业部,中信证券股份有限公司南通工农路证券营业部
131,2014-07-22,002594.XSHE,002594,E,XSHE,比亚迪,CNY,41.43,3397.26,82.0,中信证券股份有限公司深圳福华一路证券营业部,中信证券股份有限公司深圳福华一路证券营业部
132,2014-07-23,002594.XSHE,002594,E,XSHE,比亚迪,CNY,43.74,1355.94,31.0,中信证券股份有限公司深圳福华一路证券营业部,中信证券股份有限公司南通工农路证券营业部
133,2014-07-24,002594.XSHE,002594,E,XSHE,比亚迪,CNY,42.93,3777.84,88.0,中信证券股份有限公司深圳福华一路证券营业部,中信证券股份有限公司深圳福华一路证券营业部
134,2014-07-25,002594.XSHE,002594,E,XSHE,比亚迪,CNY,42.94,3735.78,87.0,中信证券股份有限公司深圳福华一路证券营业部,中信证券股份有限公司深圳福华一路证券营业部
135,2014-07-28,002594.XSHE,002594,E,XSHE,比亚迪,CNY,43.59,3835.92,88.0,中信证券股份有限公司深圳福华一路证券营业部,中信证券股份有限公司深圳福华一路证券营业部
136,2014-07-29,002594.XSHE,002594,E,XSHE,比亚迪,CNY,44.16,9052.8,205.0,中信证券股份有限公司深圳福华一路证券营业部,中信证券股份有限公司深圳福华一路证券营业部
137,2014-08-01,002594.XSHE,002594,E,XSHE,比亚迪,CNY,45.64,8991.08,197.0,中信证券股份有限公司深圳福华一路证券营业部,海通证券股份有限公司丹阳丹金路证券营业部
138,2014-08-04,002594.XSHE,002594,E,XSHE,比亚迪,CNY,44.72,8183.76,183.0,中信证券股份有限公司深圳总部证券营业部,海通证券股份有限公司丹阳丹金路证券营业部
139,2014-08-05,002594.XSHE,002594,E,XSHE,比亚迪,CNY,46.32,7272.24,157.0,中信证券股份有限公司深圳总部证券营业部,中信证券股份有限公司深圳总部证券营业部
140,2014-08-06,002594.XSHE,002594,E,XSHE,比亚迪,CNY,46.25,6660.0,144.0,中信证券股份有限公司深圳总部证券营业部,中信证券股份有限公司深圳总部证券营业部
141,2014-08-07,002594.XSHE,002594,E,XSHE,比亚迪,CNY,47.25,4677.75,99.0,中信证券股份有限公司深圳总部证券营业部,中信证券股份有限公司深圳总部证券营业部
142,2014-09-24,002594.XSHE,002594,E,XSHE,比亚迪,CNY,49.54,495.4,10.0,机构专用,机构专用
143,2014-10-24,002594.XSHE,002594,E,XSHE,比亚迪,CNY,42.66,469.26,11.0,中国国际金融有限公司北京建国门外大街证券营业部,中国银河证券股份有限公司北京金融街证券营业部
144,2014-10-27,002594.XSHE,002594,E,XSHE,比亚迪,CNY,42.67,477.39,11.19,中国国际金融有限公司北京建国门外大街证券营业部,中国银河证券股份有限公司北京金融街证券营业部
145,2014-10-29,002594.XSHE,002594,E,XSHE,比亚迪,CNY,48.1,240.5,5.0,机构专用,机构专用
146,2014-12-26,002594.XSHE,002594,E,XSHE,比亚迪,CNY,33.44,1337.6,40.0,中国国际金融有限公司上海淮海中路证券营业部,中国国际金融有限公司厦门莲岳路证券营业部
147,2014-12-31,002594.XSHE,002594,E,XSHE,比亚迪,CNY,37.3,4550.6,122.0,中国国际金融有限公司上海淮海中路证券营业部,中国国际金融有限公司厦门莲岳路证券营业部
148,2015-02-05,002594.XSHE,002594,E,XSHE,比亚迪,CNY,35.0,3500.0,100.0,中国国际金融有限公司上海淮海中路证券营业部,中国国际金融有限公司厦门莲岳路证券营业部
149,2015-02-09,002594.XSHE,002594,E,XSHE,比亚迪,CNY,32.9,2961.0,90.0,中国国际金融有限公司上海淮海中路证券营业部,中国国际金融有限公司厦门莲岳路证券营业部
150,2015-03-26,002594.XSHE,002594,E,XSHE,比亚迪,CNY,46.97,1878.8,40.0,中国国际金融有限公司深圳福华一路证券营业部,中国国际金融有限公司厦门莲岳路证券营业部
151,2015-04-07,002594.XSHE,002594,E,XSHE,比亚迪,CNY,60.39,224.28,3.71,机构专用,机构专用
152,2015-06-17,002594.XSHE,002594,E,XSHE,比亚迪,CNY,68.06,4083.6,60.0,机构专用,中信建投证券股份有限公司张家港人民中路证券营业部
153,2015-06-17,002594.XSHE,002594,E,XSHE,比亚迪,CNY,68.06,2722.4,40.0,机构专用,中信建投证券股份有限公司张家港人民中路证券营业部
154,2015-06-17,002594.XSHE,002594,E,XSHE,比亚迪,CNY,68.06,8565.0,125.84,机构专用,中信建投证券股份有限公司张家港人民中路证券营业部
155,2015-06-17,002594.XSHE,002594,E,XSHE,比亚迪,CNY,68.06,2041.8,30.0,机构专用,中信建投证券股份有限公司张家港人民中路证券营业部
156,2015-06-17,002594.XSHE,002594,E,XSHE,比亚迪,CNY,68.06,3403.0,50.0,机构专用,中信建投证券股份有限公司张家港人民中路证券营业部
157,2015-06-17,002594.XSHE,002594,E,XSHE,比亚迪,CNY,68.06,51725.6,760.0,机构专用,中信建投证券股份有限公司张家港人民中路证券营业部
158,2015-06-17,002594.XSHE,002594,E,XSHE,比亚迪,CNY,68.06,2041.8,30.0,机构专用,中信建投证券股份有限公司张家港人民中路证券营业部
159,2015-06-17,002594.XSHE,002594,E,XSHE,比亚迪,CNY,68.06,8167.2,120.0,机构专用,中信建投证券股份有限公司张家港人民中路证券营业部
160,2015-06-17,002594.XSHE,002594,E,XSHE,比亚迪,CNY,68.06,1361.2,20.0,兴业证券股份有限公司杭州清泰街证券营业部,中信建投证券股份有限公司张家港人民中路证券营业部
161,2015-06-17,002594.XSHE,002594,E,XSHE,比亚迪,CNY,68.06,3403.0,50.0,机构专用,中信建投证券股份有限公司张家港人民中路证券营业部
162,2015-06-17,002594.XSHE,002594,E,XSHE,比亚迪,CNY,68.06,40836.0,600.0,机构专用,中信建投证券股份有限公司张家港人民中路证券营业部
163,2015-06-17,002594.XSHE,002594,E,XSHE,比亚迪,CNY,68.06,2041.8,30.0,机构专用,中信建投证券股份有限公司张家港人民中路证券营业部
164,2015-06-17,002594.XSHE,002594,E,XSHE,比亚迪,CNY,68.06,6806.0,100.0,机构专用,中信建投证券股份有限公司张家港人民中路证券营业部
165,2015-06-17,002594.XSHE,002594,E,XSHE,比亚迪,CNY,68.06,1361.2,20.0,机构专用,中信建投证券股份有限公司张家港人民中路证券营业部
166,2015-06-17,002594.XSHE,002594,E,XSHE,比亚迪,CNY,68.06,3403.0,50.0,机构专用,中信建投证券股份有限公司张家港人民中路证券营业部
167,2015-06-17,002594.XSHE,002594,E,XSHE,比亚迪,CNY,68.06,10209.0,150.0,机构专用,中信建投证券股份有限公司张家港人民中路证券营业部
168,2015-06-17,002594.XSHE,002594,E,XSHE,比亚迪,CNY,68.06,2041.8,30.0,机构专用,中信建投证券股份有限公司张家港人民中路证券营业部
169,2015-06-17,002594.XSHE,002594,E,XSHE,比亚迪,CNY,68.06,5444.8,80.0,机构专用,中信建投证券股份有限公司张家港人民中路证券营业部
170,2015-06-17,002594.XSHE,002594,E,XSHE,比亚迪,CNY,68.06,2722.4,40.0,机构专用,中信建投证券股份有限公司张家港人民中路证券营业部
171,2015-06-17,002594.XSHE,002594,E,XSHE,比亚迪,CNY,68.06,10209.0,150.0,机构专用,中信建投证券股份有限公司张家港人民中路证券营业部
172,2015-06-17,002594.XSHE,002594,E,XSHE,比亚迪,CNY,68.06,2041.8,30.0,机构专用,中信建投证券股份有限公司张家港人民中路证券营业部
173,2015-06-23,002594.XSHE,002594,E,XSHE,比亚迪,CNY,55.71,181562.3,3259.06,机构专用,中信建投证券股份有限公司张家港人民中路证券营业部
174,2015-07-09,002594.XSHE,002594,E,XSHE,比亚迪,CNY,40.21,11962.48,297.5,海通证券股份有限公司上海合肥路证券营业部,海通证券股份有限公司丹阳东方路证券营业部
175,2015-07-10,002594.XSHE,002594,E,XSHE,比亚迪,CNY,44.24,11989.04,271.0,海通证券股份有限公司上海合肥路证券营业部,海通证券股份有限公司丹阳东方路证券营业部
176,2015-07-14,002594.XSHE,002594,E,XSHE,比亚迪,CNY,53.53,12991.73,242.7,海通证券股份有限公司上海合肥路证券营业部,海通证券股份有限公司丹阳东方路证券营业部
177,2015-07-15,002594.XSHE,002594,E,XSHE,比亚迪,CNY,50.58,8993.12,177.8,海通证券股份有限公司上海合肥路证券营业部,海通证券股份有限公司丹阳东方路证券营业部
178,2015-07-16,002594.XSHE,002594,E,XSHE,比亚迪,CNY,45.52,12959.54,284.7,海通证券股份有限公司上海合肥路证券营业部,海通证券股份有限公司上海合肥路证券营业部
179,2015-07-17,002594.XSHE,002594,E,XSHE,比亚迪,CNY,46.97,15988.59,340.4,海通证券股份有限公司上海合肥路证券营业部,海通证券股份有限公司上海合肥路证券营业部
180,2015-07-20,002594.XSHE,002594,E,XSHE,比亚迪,CNY,50.0,15995.0,319.9,海通证券股份有限公司上海合肥路证券营业部,海通证券股份有限公司上海合肥路证券营业部
181,2015-07-21,002594.XSHE,002594,E,XSHE,比亚迪,CNY,49.49,14386.74,290.7,海通证券股份有限公司上海合肥路证券营业部,海通证券股份有限公司上海合肥路证券营业部
182,2015-07-28,002594.XSHE,002594,E,XSHE,比亚迪,CNY,45.03,4503.23,100.01,中信建投证券股份有限公司深圳深南中路证券营业部,中信建投证券股份有限公司张家港人民中路证券营业部
183,2015-07-29,002594.XSHE,002594,E,XSHE,比亚迪,CNY,44.82,3585.6,80.0,中信建投证券股份有限公司深圳深南中路证券营业部,中信建投证券股份有限公司张家港人民中路证券营业部
184,2015-07-31,002594.XSHE,002594,E,XSHE,比亚迪,CNY,46.62,7972.02,171.0,海通证券股份有限公司上海合肥路证券营业部,海通证券股份有限公司丹阳东方路证券营业部
185,2015-08-04,002594.XSHE,002594,E,XSHE,比亚迪,CNY,52.0,4851.6,93.3,海通证券股份有限公司上海合肥路证券营业部,海通证券股份有限公司丹阳东方路证券营业部
186,2015-08-05,002594.XSHE,002594,E,XSHE,比亚迪,CNY,53.69,8321.95,155.0,海通证券股份有限公司上海合肥路证券营业部,海通证券股份有限公司上海合肥路证券营业部
187,2015-08-06,002594.XSHE,002594,E,XSHE,比亚迪,CNY,53.51,5848.64,109.3,海通证券股份有限公司上海合肥路证券营业部,海通证券股份有限公司上海合肥路证券营业部
188,2015-08-26,002594.XSHE,002594,E,XSHE,比亚迪,CNY,36.31,2795.87,77.0,中国国际金融股份有限公司上海淮海中路证券营业部,中国国际金融股份有限公司厦门莲岳路证券营业部
189,2015-08-26,002594.XSHE,002594,E,XSHE,比亚迪,CNY,36.31,1924.43,53.0,中国国际金融股份有限公司上海淮海中路证券营业部,中国国际金融股份有限公司厦门莲岳路证券营业部
190,2015-08-27,002594.XSHE,002594,E,XSHE,比亚迪,CNY,39.93,1078.11,27.0,中国国际金融股份有限公司上海淮海中路证券营业部,中国国际金融股份有限公司厦门莲岳路证券营业部
191,2015-08-27,002594.XSHE,002594,E,XSHE,比亚迪,CNY,39.93,918.39,23.0,中国国际金融股份有限公司上海淮海中路证券营业部,中国国际金融股份有限公司厦门莲岳路证券营业部
192,2015-12-18,002594.XSHE,002594,E,XSHE,比亚迪,CNY,66.99,1473.78,22.0,长江证券股份有限公司西宁东大街证券营业部,国信证券股份有限公司北京三里河证券营业部
193,2016-08-04,002594.XSHE,002594,E,XSHE,比亚迪,CNY,58.8,505.68,8.6,中国银河证券股份有限公司佛山顺德容桂证券营业部,海通证券股份有限公司佛山顺德新宁路证券营业部
194,2016-09-08,002594.XSHE,002594,E,XSHE,比亚迪,CNY,58.9,275.06,4.67,机构专用,机构专用
195,2016-09-29,002594.XSHE,002594,E,XSHE,比亚迪,CNY,53.55,803.25,15.0,兴业证券股份有限公司泉州丰泽街证券营业部,中信建投证券股份有限公司厦门民族路证券营业部
196,2016-09-29,002594.XSHE,002594,E,XSHE,比亚迪,CNY,53.55,1606.5,30.0,兴业证券股份有限公司泉州丰泽街证券营业部,中信建投证券股份有限公司厦门民族路证券营业部
197,2016-09-29,002594.XSHE,002594,E,XSHE,比亚迪,CNY,53.55,1071.0,20.0,兴业证券股份有限公司杭州清泰街证券营业部,中信建投证券股份有限公司厦门民族路证券营业部
198,2016-09-29,002594.XSHE,002594,E,XSHE,比亚迪,CNY,53.55,5355.0,100.0,兴业证券股份有限公司泉州丰泽街证券营业部,中信建投证券股份有限公司厦门民族路证券营业部
199,2016-09-29,002594.XSHE,002594,E,XSHE,比亚迪,CNY,53.55,1071.0,20.0,兴业证券股份有限公司泉州丰泽街证券营业部,中信建投证券股份有限公司厦门民族路证券营业部
200,2016-09-29,002594.XSHE,002594,E,XSHE,比亚迪,CNY,53.55,2677.5,50.0,中信证券股份有限公司上海恒丰路证券营业部,中信建投证券股份有限公司厦门民族路证券营业部
201,2016-09-29,002594.XSHE,002594,E,XSHE,比亚迪,CNY,53.55,803.25,15.0,兴业证券股份有限公司上海民生路证券营业部,中信建投证券股份有限公司厦门民族路证券营业部
202,2016-09-29,002594.XSHE,002594,E,XSHE,比亚迪,CNY,53.55,2677.5,50.0,招商证券股份有限公司深圳益田路江苏大厦证券营业部,中信建投证券股份有限公司厦门民族路证券营业部
