,tradeDate,secID,ticker,assetClass,exchangeCD,secFullName,currencyCD,tradePrice,tradeVal,tradeVol,buyerBD,sellerBD
0,2014-04-08,000333.XSHE,000333,E,XSHE,美的集团,CNY,50.58,1669.14,33.0,中国银河证券股份有限公司杭州新塘路证券营业部,华西证券有限责任公司杭州学院路证券营业部
1,2014-05-30,000333.XSHE,000333,E,XSHE,美的集团,CNY,17.42,269.14,15.45,机构专用,机构专用
2,2014-06-12,000333.XSHE,000333,E,XSHE,美的集团,CNY,18.43,3098.08,168.1,机构专用,机构专用
3,2014-07-09,000333.XSHE,000333,E,XSHE,美的集团,CNY,19.05,988.89,51.91,瑞银证券有限责任公司上海花园石桥路证券营业部,瑞银证券有限责任公司上海花园石桥路证券营业部
4,2014-07-10,000333.XSHE,000333,E,XSHE,美的集团,CNY,18.86,1958.05,103.82,瑞银证券有限责任公司上海花园石桥路证券营业部,瑞银证券有限责任公司上海花园石桥路证券营业部
5,2014-07-14,000333.XSHE,000333,E,XSHE,美的集团,CNY,18.72,803.46,42.92,瑞银证券有限责任公司上海花园石桥路证券营业部,机构专用
6,2014-09-23,000333.XSHE,000333,E,XSHE,美的集团,CNY,20.4,306.0,15.0,机构专用,机构专用
7,2014-09-24,000333.XSHE,000333,E,XSHE,美的集团,CNY,20.7,2277.0,110.0,机构专用,机构专用
8,2014-10-29,000333.XSHE,000333,E,XSHE,美的集团,CNY,20.44,817.6,40.0,机构专用,机构专用
9,2014-11-21,000333.XSHE,000333,E,XSHE,美的集团,CNY,21.8,301.06,13.81,机构专用,机构专用
10,2014-11-28,000333.XSHE,000333,E,XSHE,美的集团,CNY,22.11,263.55,11.92,机构专用,机构专用
11,2014-12-04,000333.XSHE,000333,E,XSHE,美的集团,CNY,22.93,1107.98,48.32,中信建投证券股份有限公司北京南大红门路证券营业部,招商证券股份有限公司北京安立路证券营业部
12,2014-12-15,000333.XSHE,000333,E,XSHE,美的集团,CNY,22.48,1712.98,76.2,中信建投证券股份有限公司北京南大红门路证券营业部,招商证券交易单元(353800)
13,2014-12-17,000333.XSHE,000333,E,XSHE,美的集团,CNY,25.47,636.75,25.0,机构专用,北京高华证券有限责任公司北京金融大街证券营业部
14,2014-12-26,000333.XSHE,000333,E,XSHE,美的集团,CNY,27.12,6208.58,228.93,中国国际金融有限公司上海淮海中路证券营业部,机构专用
15,2014-12-29,000333.XSHE,000333,E,XSHE,美的集团,CNY,27.64,542.3,19.62,机构专用,机构专用
16,2014-12-30,000333.XSHE,000333,E,XSHE,美的集团,CNY,26.84,467.02,17.4,机构专用,机构专用
17,2015-01-12,000333.XSHE,000333,E,XSHE,美的集团,CNY,28.0,14544.72,519.45,中国国际金融有限公司上海淮海中路证券营业部,机构专用
18,2015-02-27,000333.XSHE,000333,E,XSHE,美的集团,CNY,31.46,18876.0,600.0,机构专用,机构专用
19,2015-03-10,000333.XSHE,000333,E,XSHE,美的集团,CNY,29.85,8495.6,284.61,机构专用,机构专用
20,2015-04-07,000333.XSHE,000333,E,XSHE,美的集团,CNY,34.15,1945.53,56.97,机构专用,机构专用
21,2015-05-07,000333.XSHE,000333,E,XSHE,美的集团,CNY,34.88,349.35,10.02,机构专用,机构专用
22,2015-05-12,000333.XSHE,000333,E,XSHE,美的集团,CNY,35.46,34396.2,970.0,机构专用,机构专用
23,2015-05-22,000333.XSHE,000333,E,XSHE,美的集团,CNY,38.12,29733.6,780.0,机构专用,机构专用
24,2015-05-27,000333.XSHE,000333,E,XSHE,美的集团,CNY,39.63,10236.12,258.29,机构专用,机构专用
25,2015-06-01,000333.XSHE,000333,E,XSHE,美的集团,CNY,38.4,7357.23,191.59,机构专用,机构专用
26,2015-06-02,000333.XSHE,000333,E,XSHE,美的集团,CNY,38.44,31437.39,817.83,机构专用,机构专用
27,2015-07-08,000333.XSHE,000333,E,XSHE,美的集团,CNY,30.81,37003.66,1201.03,机构专用,机构专用
28,2015-07-10,000333.XSHE,000333,E,XSHE,美的集团,CNY,36.76,259.53,7.06,机构专用,机构专用
29,2015-07-23,000333.XSHE,000333,E,XSHE,美的集团,CNY,34.85,310.69,8.91,机构专用,机构专用
30,2015-07-24,000333.XSHE,000333,E,XSHE,美的集团,CNY,34.36,1367.53,39.8,机构专用,机构专用
31,2015-07-29,000333.XSHE,000333,E,XSHE,美的集团,CNY,33.42,371.63,11.12,机构专用,机构专用
32,2015-07-31,000333.XSHE,000333,E,XSHE,美的集团,CNY,33.15,671.66,20.26,机构专用,机构专用
33,2015-08-12,000333.XSHE,000333,E,XSHE,美的集团,CNY,33.51,11426.91,341.0,机构专用,机构专用
34,2015-08-14,000333.XSHE,000333,E,XSHE,美的集团,CNY,33.3,2566.31,77.07,机构专用,机构专用
35,2015-08-14,000333.XSHE,000333,E,XSHE,美的集团,CNY,33.3,1426.91,42.85,机构专用,机构专用
36,2015-08-20,000333.XSHE,000333,E,XSHE,美的集团,CNY,30.01,454.63,15.15,机构专用,机构专用
37,2015-09-01,000333.XSHE,000333,E,XSHE,美的集团,CNY,28.83,38199.75,1325.0,机构专用,机构专用
38,2015-09-01,000333.XSHE,000333,E,XSHE,美的集团,CNY,28.83,307.62,10.67,机构专用,机构专用
39,2015-11-13,000333.XSHE,000333,E,XSHE,美的集团,CNY,28.99,5708.74,196.92,机构专用,机构专用
40,2016-03-24,000333.XSHE,000333,E,XSHE,美的集团,CNY,30.87,1327.41,43.0,中国国际金融股份有限公司上海淮海中路证券营业部,中国国际金融股份有限公司上海淮海中路证券营业部
41,2016-04-15,000333.XSHE,000333,E,XSHE,美的集团,CNY,29.38,3442.78,117.18,国金证券股份有限公司沈阳北陵大街证券营业部,国金证券股份有限公司沈阳北陵大街证券营业部
42,2016-04-25,000333.XSHE,000333,E,XSHE,美的集团,CNY,31.0,18909.69,609.99,机构专用,中国国际金融股份有限公司北京建国门外大街证券营业部
43,2016-04-25,000333.XSHE,000333,E,XSHE,美的集团,CNY,31.0,18243.19,588.49,机构专用,中国国际金融股份有限公司北京建国门外大街证券营业部
44,2016-04-25,000333.XSHE,000333,E,XSHE,美的集团,CNY,31.0,13568.39,437.69,机构专用,中国国际金融股份有限公司北京建国门外大街证券营业部
45,2016-04-25,000333.XSHE,000333,E,XSHE,美的集团,CNY,31.0,48625.36,1568.56,机构专用,中国国际金融股份有限公司北京建国门外大街证券营业部
46,2016-04-25,000333.XSHE,000333,E,XSHE,美的集团,CNY,31.0,11395.91,367.61,机构专用,中国国际金融股份有限公司北京建国门外大街证券营业部
47,2016-04-25,000333.XSHE,000333,E,XSHE,美的集团,CNY,31.0,28812.02,929.42,北京高华证券有限责任公司北京金融大街证券营业部,中国国际金融股份有限公司北京建国门外大街证券营业部
48,2016-04-26,000333.XSHE,000333,E,XSHE,美的集团,CNY,31.0,15445.44,498.24,机构专用,中国国际金融股份有限公司北京建国门外大街证券营业部
49,2016-04-27,000333.XSHE,000333,E,XSHE,美的集团,CNY,30.98,86434.2,2790.0,招商证券股份有限公司佛山季华五路证券营业部,招商证券股份有限公司佛山季华五路证券营业部
50,2016-04-28,000333.XSHE,000333,E,XSHE,美的集团,CNY,30.78,63258.26,2055.17,招商证券股份有限公司佛山季华五路证券营业部,招商证券股份有限公司佛山季华五路证券营业部
51,2016-05-03,000333.XSHE,000333,E,XSHE,美的集团,CNY,32.82,2133.3,65.0,机构专用,中国国际金融股份有限公司北京建国门外大街证券营业部
52,2016-05-03,000333.XSHE,000333,E,XSHE,美的集团,CNY,32.82,8533.2,260.0,机构专用,中国国际金融股份有限公司北京建国门外大街证券营业部
53,2016-05-03,000333.XSHE,000333,E,XSHE,美的集团,CNY,32.82,1312.8,40.0,机构专用,中国国际金融股份有限公司北京建国门外大街证券营业部
54,2016-05-03,000333.XSHE,000333,E,XSHE,美的集团,CNY,32.82,3282.0,100.0,机构专用,中国国际金融股份有限公司北京建国门外大街证券营业部
55,2016-05-03,000333.XSHE,000333,E,XSHE,美的集团,CNY,32.82,1969.2,60.0,机构专用,中国国际金融股份有限公司北京建国门外大街证券营业部
56,2016-05-03,000333.XSHE,000333,E,XSHE,美的集团,CNY,32.82,6564.0,200.0,机构专用,中国国际金融股份有限公司北京建国门外大街证券营业部
57,2016-05-03,000333.XSHE,000333,E,XSHE,美的集团,CNY,32.82,984.6,30.0,机构专用,中国国际金融股份有限公司北京建国门外大街证券营业部
58,2016-05-03,000333.XSHE,000333,E,XSHE,美的集团,CNY,32.82,3282.0,100.0,机构专用,中国国际金融股份有限公司北京建国门外大街证券营业部
59,2016-05-03,000333.XSHE,000333,E,XSHE,美的集团,CNY,32.82,1969.2,60.0,机构专用,中国国际金融股份有限公司北京建国门外大街证券营业部
60,2016-05-03,000333.XSHE,000333,E,XSHE,美的集团,CNY,32.82,4594.8,140.0,机构专用,中国国际金融股份有限公司北京建国门外大街证券营业部
61,2016-05-03,000333.XSHE,000333,E,XSHE,美的集团,CNY,32.82,656.4,20.0,机构专用,中国国际金融股份有限公司北京建国门外大街证券营业部
62,2016-05-03,000333.XSHE,000333,E,XSHE,美的集团,CNY,32.82,3282.0,100.0,机构专用,中国国际金融股份有限公司北京建国门外大街证券营业部
63,2016-05-03,000333.XSHE,000333,E,XSHE,美的集团,CNY,32.82,16410.0,500.0,机构专用,中国国际金融股份有限公司北京建国门外大街证券营业部
64,2016-05-03,000333.XSHE,000333,E,XSHE,美的集团,CNY,32.82,1805.1,55.0,机构专用,中国国际金融股份有限公司北京建国门外大街证券营业部
65,2016-05-03,000333.XSHE,000333,E,XSHE,美的集团,CNY,32.82,3282.0,100.0,机构专用,中国国际金融股份有限公司北京建国门外大街证券营业部
66,2016-05-03,000333.XSHE,000333,E,XSHE,美的集团,CNY,32.82,656.4,20.0,机构专用,中国国际金融股份有限公司北京建国门外大街证券营业部
67,2016-05-03,000333.XSHE,000333,E,XSHE,美的集团,CNY,32.82,2625.6,80.0,机构专用,中国国际金融股份有限公司北京建国门外大街证券营业部
68,2016-05-03,000333.XSHE,000333,E,XSHE,美的集团,CNY,32.82,9846.0,300.0,机构专用,中国国际金融股份有限公司北京建国门外大街证券营业部
69,2016-05-03,000333.XSHE,000333,E,XSHE,美的集团,CNY,32.82,1641.0,50.0,机构专用,中国国际金融股份有限公司北京建国门外大街证券营业部
70,2016-05-03,000333.XSHE,000333,E,XSHE,美的集团,CNY,32.82,3282.0,100.0,机构专用,中国国际金融股份有限公司北京建国门外大街证券营业部
71,2016-05-03,000333.XSHE,000333,E,XSHE,美的集团,CNY,32.82,328.2,10.0,机构专用,中国国际金融股份有限公司北京建国门外大街证券营业部
72,2016-05-04,000333.XSHE,000333,E,XSHE,美的集团,CNY,32.65,65300.0,2000.0,机构专用,中国国际金融股份有限公司北京建国门外大街证券营业部
73,2016-05-12,000333.XSHE,000333,E,XSHE,美的集团,CNY,22.0,330.0,15.0,中国国际金融股份有限公司上海分公司,中国国际金融股份有限公司上海淮海中路证券营业部
74,2016-05-13,000333.XSHE,000333,E,XSHE,美的集团,CNY,20.15,3375.13,167.5,中国国际金融股份有限公司上海淮海中路证券营业部,中国国际金融股份有限公司上海淮海中路证券营业部
75,2016-06-06,000333.XSHE,000333,E,XSHE,美的集团,CNY,23.02,1151.0,50.0,机构专用,中国国际金融股份有限公司北京建国门外大街证券营业部
76,2016-06-06,000333.XSHE,000333,E,XSHE,美的集团,CNY,23.02,345.3,15.0,机构专用,中国国际金融股份有限公司北京建国门外大街证券营业部
77,2016-06-06,000333.XSHE,000333,E,XSHE,美的集团,CNY,23.02,2186.9,95.0,机构专用,中国国际金融股份有限公司北京建国门外大街证券营业部
78,2016-06-06,000333.XSHE,000333,E,XSHE,美的集团,CNY,23.02,460.4,20.0,机构专用,中国国际金融股份有限公司北京建国门外大街证券营业部
79,2016-06-06,000333.XSHE,000333,E,XSHE,美的集团,CNY,23.02,6215.4,270.0,机构专用,中国国际金融股份有限公司北京建国门外大街证券营业部
80,2016-06-06,000333.XSHE,000333,E,XSHE,美的集团,CNY,23.02,1151.0,50.0,机构专用,中国国际金融股份有限公司北京建国门外大街证券营业部
81,2016-06-06,000333.XSHE,000333,E,XSHE,美的集团,CNY,23.02,1381.2,60.0,机构专用,中国国际金融股份有限公司北京建国门外大街证券营业部
82,2016-06-06,000333.XSHE,000333,E,XSHE,美的集团,CNY,23.02,345.3,15.0,机构专用,中国国际金融股份有限公司北京建国门外大街证券营业部
83,2016-06-06,000333.XSHE,000333,E,XSHE,美的集团,CNY,23.02,2302.0,100.0,机构专用,中国国际金融股份有限公司北京建国门外大街证券营业部
84,2016-06-06,000333.XSHE,000333,E,XSHE,美的集团,CNY,23.02,575.5,25.0,机构专用,中国国际金融股份有限公司北京建国门外大街证券营业部
85,2016-06-06,000333.XSHE,000333,E,XSHE,美的集团,CNY,23.02,1151.0,50.0,机构专用,中国国际金融股份有限公司北京建国门外大街证券营业部
86,2016-06-06,000333.XSHE,000333,E,XSHE,美的集团,CNY,23.02,345.3,15.0,机构专用,中国国际金融股份有限公司北京建国门外大街证券营业部
87,2016-06-06,000333.XSHE,000333,E,XSHE,美的集团,CNY,23.02,1841.6,80.0,机构专用,中国国际金融股份有限公司北京建国门外大街证券营业部
88,2016-06-06,000333.XSHE,000333,E,XSHE,美的集团,CNY,23.02,460.4,20.0,机构专用,中国国际金融股份有限公司北京建国门外大街证券营业部
89,2016-06-06,000333.XSHE,000333,E,XSHE,美的集团,CNY,23.02,5294.6,230.0,机构专用,中国国际金融股份有限公司北京建国门外大街证券营业部
90,2016-06-06,000333.XSHE,000333,E,XSHE,美的集团,CNY,23.02,920.8,40.0,机构专用,中国国际金融股份有限公司北京建国门外大街证券营业部
91,2016-06-06,000333.XSHE,000333,E,XSHE,美的集团,CNY,23.02,1381.2,60.0,机构专用,中国国际金融股份有限公司北京建国门外大街证券营业部
92,2016-06-06,000333.XSHE,000333,E,XSHE,美的集团,CNY,23.02,345.3,15.0,机构专用,中国国际金融股份有限公司北京建国门外大街证券营业部
93,2016-06-06,000333.XSHE,000333,E,XSHE,美的集团,CNY,23.02,2302.0,100.0,机构专用,中国国际金融股份有限公司北京建国门外大街证券营业部
94,2016-06-06,000333.XSHE,000333,E,XSHE,美的集团,CNY,23.02,575.5,25.0,机构专用,中国国际金融股份有限公司北京建国门外大街证券营业部
95,2016-06-06,000333.XSHE,000333,E,XSHE,美的集团,CNY,23.02,1151.0,50.0,机构专用,中国国际金融股份有限公司北京建国门外大街证券营业部
96,2016-06-06,000333.XSHE,000333,E,XSHE,美的集团,CNY,23.02,345.3,15.0,机构专用,中国国际金融股份有限公司北京建国门外大街证券营业部
97,2016-06-06,000333.XSHE,000333,E,XSHE,美的集团,CNY,23.02,1611.4,70.0,机构专用,中国国际金融股份有限公司北京建国门外大街证券营业部
98,2016-06-06,000333.XSHE,000333,E,XSHE,美的集团,CNY,23.02,460.4,20.0,机构专用,中国国际金融股份有限公司北京建国门外大街证券营业部
99,2016-06-06,000333.XSHE,000333,E,XSHE,美的集团,CNY,23.02,3453.0,150.0,机构专用,中国国际金融股份有限公司北京建国门外大街证券营业部
100,2016-06-06,000333.XSHE,000333,E,XSHE,美的集团,CNY,23.02,690.6,30.0,机构专用,中国国际金融股份有限公司北京建国门外大街证券营业部
101,2016-06-06,000333.XSHE,000333,E,XSHE,美的集团,CNY,23.08,1290.17,55.9,机构专用,机构专用
102,2016-06-06,000333.XSHE,000333,E,XSHE,美的集团,CNY,23.02,230.2,10.0,机构专用,中国国际金融股份有限公司北京建国门外大街证券营业部
103,2016-06-06,000333.XSHE,000333,E,XSHE,美的集团,CNY,23.02,2302.0,100.0,机构专用,中国国际金融股份有限公司北京建国门外大街证券营业部
104,2016-06-06,000333.XSHE,000333,E,XSHE,美的集团,CNY,23.02,15883.8,690.0,机构专用,中国国际金融股份有限公司北京建国门外大街证券营业部
105,2016-06-06,000333.XSHE,000333,E,XSHE,美的集团,CNY,23.02,460.4,20.0,机构专用,中国国际金融股份有限公司北京建国门外大街证券营业部
106,2016-06-06,000333.XSHE,000333,E,XSHE,美的集团,CNY,23.02,1151.0,50.0,机构专用,中国国际金融股份有限公司北京建国门外大街证券营业部
107,2016-06-06,000333.XSHE,000333,E,XSHE,美的集团,CNY,23.02,1381.2,60.0,机构专用,中国国际金融股份有限公司北京建国门外大街证券营业部
108,2016-06-06,000333.XSHE,000333,E,XSHE,美的集团,CNY,23.02,345.3,15.0,机构专用,中国国际金融股份有限公司北京建国门外大街证券营业部
109,2016-06-06,000333.XSHE,000333,E,XSHE,美的集团,CNY,23.02,460.4,20.0,机构专用,中国国际金融股份有限公司北京建国门外大街证券营业部
110,2016-06-06,000333.XSHE,000333,E,XSHE,美的集团,CNY,23.02,2302.0,100.0,机构专用,中国国际金融股份有限公司北京建国门外大街证券营业部
111,2016-06-06,000333.XSHE,000333,E,XSHE,美的集团,CNY,23.02,690.6,30.0,机构专用,中国国际金融股份有限公司北京建国门外大街证券营业部
112,2016-06-06,000333.XSHE,000333,E,XSHE,美的集团,CNY,23.02,1151.0,50.0,机构专用,中国国际金融股份有限公司北京建国门外大街证券营业部
113,2016-06-06,000333.XSHE,000333,E,XSHE,美的集团,CNY,23.02,460.4,20.0,机构专用,中国国际金融股份有限公司北京建国门外大街证券营业部
114,2016-06-06,000333.XSHE,000333,E,XSHE,美的集团,CNY,23.02,2302.0,100.0,机构专用,中国国际金融股份有限公司北京建国门外大街证券营业部
115,2016-06-06,000333.XSHE,000333,E,XSHE,美的集团,CNY,23.02,8897.23,386.5,中国国际金融股份有限公司上海淮海中路证券营业部,中国国际金融股份有限公司北京建国门外大街证券营业部
116,2016-06-06,000333.XSHE,000333,E,XSHE,美的集团,CNY,23.02,16424.77,713.5,机构专用,中国国际金融股份有限公司北京建国门外大街证券营业部
117,2016-06-06,000333.XSHE,000333,E,XSHE,美的集团,CNY,23.02,460.4,20.0,机构专用,中国国际金融股份有限公司北京建国门外大街证券营业部
118,2016-06-06,000333.XSHE,000333,E,XSHE,美的集团,CNY,23.02,1151.0,50.0,机构专用,中国国际金融股份有限公司北京建国门外大街证券营业部
119,2016-06-06,000333.XSHE,000333,E,XSHE,美的集团,CNY,23.02,1381.2,60.0,机构专用,中国国际金融股份有限公司北京建国门外大街证券营业部
120,2016-06-06,000333.XSHE,000333,E,XSHE,美的集团,CNY,23.02,345.3,15.0,机构专用,中国国际金融股份有限公司北京建国门外大街证券营业部
121,2016-06-06,000333.XSHE,000333,E,XSHE,美的集团,CNY,23.02,2302.0,100.0,机构专用,中国国际金融股份有限公司北京建国门外大街证券营业部
122,2016-06-06,000333.XSHE,000333,E,XSHE,美的集团,CNY,23.02,690.6,30.0,机构专用,中国国际金融股份有限公司北京建国门外大街证券营业部
123,2016-06-07,000333.XSHE,000333,E,XSHE,美的集团,CNY,23.02,2071.8,90.0,机构专用,中国国际金融股份有限公司北京建国门外大街证券营业部
124,2016-06-17,000333.XSHE,000333,E,XSHE,美的集团,CNY,22.38,313.32,14.0,中国国际金融股份有限公司上海分公司,中国国际金融股份有限公司上海淮海中路证券营业部
125,2016-06-21,000333.XSHE,000333,E,XSHE,美的集团,CNY,20.66,206.6,10.0,中国国际金融股份有限公司上海分公司,财通证券股份有限公司湖州红旗路证券营业部
126,2016-06-27,000333.XSHE,000333,E,XSHE,美的集团,CNY,22.93,1834.4,80.0,机构专用,中国国际金融股份有限公司北京建国门外大街证券营业部
127,2016-06-27,000333.XSHE,000333,E,XSHE,美的集团,CNY,22.93,2751.6,120.0,机构专用,中国国际金融股份有限公司北京建国门外大街证券营业部
128,2016-06-27,000333.XSHE,000333,E,XSHE,美的集团,CNY,22.93,1146.5,50.0,机构专用,中国国际金融股份有限公司北京建国门外大街证券营业部
129,2016-06-27,000333.XSHE,000333,E,XSHE,美的集团,CNY,22.93,29809.0,1300.0,机构专用,中国国际金融股份有限公司北京建国门外大街证券营业部
130,2016-06-27,000333.XSHE,000333,E,XSHE,美的集团,CNY,22.93,2063.7,90.0,机构专用,中国国际金融股份有限公司北京建国门外大街证券营业部
131,2016-06-27,000333.XSHE,000333,E,XSHE,美的集团,CNY,22.93,4127.4,180.0,机构专用,中国国际金融股份有限公司北京建国门外大街证券营业部
132,2016-06-27,000333.XSHE,000333,E,XSHE,美的集团,CNY,22.93,1834.4,80.0,机构专用,中国国际金融股份有限公司北京建国门外大街证券营业部
133,2016-06-27,000333.XSHE,000333,E,XSHE,美的集团,CNY,22.93,2293.0,100.0,机构专用,中国国际金融股份有限公司北京建国门外大街证券营业部
134,2016-06-27,000333.XSHE,000333,E,XSHE,美的集团,CNY,22.93,1146.5,50.0,机构专用,中国国际金融股份有限公司北京建国门外大街证券营业部
135,2016-06-27,000333.XSHE,000333,E,XSHE,美的集团,CNY,22.93,9172.0,400.0,中国国际金融股份有限公司上海淮海中路证券营业部,中国国际金融股份有限公司北京建国门外大街证券营业部
136,2016-06-27,000333.XSHE,000333,E,XSHE,美的集团,CNY,22.93,2063.7,90.0,机构专用,中国国际金融股份有限公司北京建国门外大街证券营业部
137,2016-06-27,000333.XSHE,000333,E,XSHE,美的集团,CNY,22.93,4127.4,180.0,机构专用,中国国际金融股份有限公司北京建国门外大街证券营业部
138,2016-06-27,000333.XSHE,000333,E,XSHE,美的集团,CNY,23.0,66700.0,2900.0,机构专用,中国国际金融股份有限公司北京建国门外大街证券营业部
139,2016-06-27,000333.XSHE,000333,E,XSHE,美的集团,CNY,22.93,1834.4,80.0,机构专用,中国国际金融股份有限公司北京建国门外大街证券营业部
140,2016-06-27,000333.XSHE,000333,E,XSHE,美的集团,CNY,22.93,802.55,35.0,机构专用,中国国际金融股份有限公司北京建国门外大街证券营业部
141,2016-06-27,000333.XSHE,000333,E,XSHE,美的集团,CNY,22.93,2293.0,100.0,机构专用,中国国际金融股份有限公司北京建国门外大街证券营业部
142,2016-06-27,000333.XSHE,000333,E,XSHE,美的集团,CNY,22.93,4815.3,210.0,机构专用,中国国际金融股份有限公司北京建国门外大街证券营业部
143,2016-06-27,000333.XSHE,000333,E,XSHE,美的集团,CNY,22.93,1949.05,85.0,机构专用,中国国际金融股份有限公司北京建国门外大街证券营业部
144,2016-06-27,000333.XSHE,000333,E,XSHE,美的集团,CNY,22.93,3668.8,160.0,机构专用,中国国际金融股份有限公司北京建国门外大街证券营业部
145,2016-06-27,000333.XSHE,000333,E,XSHE,美的集团,CNY,22.93,1375.8,60.0,机构专用,中国国际金融股份有限公司北京建国门外大街证券营业部
146,2016-06-27,000333.XSHE,000333,E,XSHE,美的集团,CNY,22.93,36114.75,1575.0,机构专用,中国国际金融股份有限公司北京建国门外大街证券营业部
147,2016-06-27,000333.XSHE,000333,E,XSHE,美的集团,CNY,22.93,1719.75,75.0,机构专用,中国国际金融股份有限公司北京建国门外大街证券营业部
148,2016-06-27,000333.XSHE,000333,E,XSHE,美的集团,CNY,22.93,2293.0,100.0,机构专用,中国国际金融股份有限公司北京建国门外大街证券营业部
149,2016-06-27,000333.XSHE,000333,E,XSHE,美的集团,CNY,22.93,4356.7,190.0,机构专用,中国国际金融股份有限公司北京建国门外大街证券营业部
150,2016-06-27,000333.XSHE,000333,E,XSHE,美的集团,CNY,22.93,1834.4,80.0,机构专用,中国国际金融股份有限公司北京建国门外大街证券营业部
151,2016-06-27,000333.XSHE,000333,E,XSHE,美的集团,CNY,22.93,2751.6,120.0,机构专用,中国国际金融股份有限公司北京建国门外大街证券营业部
152,2016-06-27,000333.XSHE,000333,E,XSHE,美的集团,CNY,22.93,1375.8,60.0,机构专用,中国国际金融股份有限公司北京建国门外大街证券营业部
153,2016-06-27,000333.XSHE,000333,E,XSHE,美的集团,CNY,22.93,32102.0,1400.0,机构专用,中国国际金融股份有限公司北京建国门外大街证券营业部
154,2016-06-27,000333.XSHE,000333,E,XSHE,美的集团,CNY,22.93,1605.1,70.0,机构专用,中国国际金融股份有限公司北京建国门外大街证券营业部
155,2016-06-27,000333.XSHE,000333,E,XSHE,美的集团,CNY,22.93,2293.0,100.0,机构专用,中国国际金融股份有限公司北京建国门外大街证券营业部
156,2016-06-27,000333.XSHE,000333,E,XSHE,美的集团,CNY,22.93,4127.4,180.0,机构专用,中国国际金融股份有限公司北京建国门外大街证券营业部
157,2016-07-04,000333.XSHE,000333,E,XSHE,美的集团,CNY,23.72,1423.2,60.0,机构专用,中国国际金融股份有限公司北京建国门外大街证券营业部
158,2016-07-04,000333.XSHE,000333,E,XSHE,美的集团,CNY,23.72,4744.0,200.0,中国国际金融股份有限公司上海淮海中路证券营业部,中国国际金融股份有限公司北京建国门外大街证券营业部
159,2016-07-04,000333.XSHE,000333,E,XSHE,美的集团,CNY,23.72,474.4,20.0,机构专用,中国国际金融股份有限公司北京建国门外大街证券营业部
160,2016-07-04,000333.XSHE,000333,E,XSHE,美的集团,CNY,23.72,711.6,30.0,机构专用,中国国际金融股份有限公司北京建国门外大街证券营业部
161,2016-07-04,000333.XSHE,000333,E,XSHE,美的集团,CNY,23.72,1067.4,45.0,机构专用,中国国际金融股份有限公司北京建国门外大街证券营业部
162,2016-07-04,000333.XSHE,000333,E,XSHE,美的集团,CNY,23.72,1660.4,70.0,机构专用,中国国际金融股份有限公司北京建国门外大街证券营业部
163,2016-07-04,000333.XSHE,000333,E,XSHE,美的集团,CNY,23.72,47440.0,2000.0,机构专用,中国国际金融股份有限公司北京建国门外大街证券营业部
164,2016-07-04,000333.XSHE,000333,E,XSHE,美的集团,CNY,23.72,711.6,30.0,机构专用,中国国际金融股份有限公司北京建国门外大街证券营业部
165,2016-07-04,000333.XSHE,000333,E,XSHE,美的集团,CNY,23.72,1186.0,50.0,机构专用,中国国际金融股份有限公司北京建国门外大街证券营业部
166,2016-07-04,000333.XSHE,000333,E,XSHE,美的集团,CNY,23.72,2490.6,105.0,机构专用,中国国际金融股份有限公司北京建国门外大街证券营业部
167,2016-07-04,000333.XSHE,000333,E,XSHE,美的集团,CNY,23.72,474.4,20.0,机构专用,中国国际金融股份有限公司北京建国门外大街证券营业部
168,2016-07-04,000333.XSHE,000333,E,XSHE,美的集团,CNY,23.72,711.6,30.0,机构专用,中国国际金融股份有限公司北京建国门外大街证券营业部
169,2016-07-04,000333.XSHE,000333,E,XSHE,美的集团,CNY,23.72,948.8,40.0,机构专用,中国国际金融股份有限公司北京建国门外大街证券营业部
170,2016-07-04,000333.XSHE,000333,E,XSHE,美的集团,CNY,23.72,1423.2,60.0,机构专用,中国国际金融股份有限公司北京建国门外大街证券营业部
171,2016-07-04,000333.XSHE,000333,E,XSHE,美的集团,CNY,23.72,30836.0,1300.0,机构专用,中国国际金融股份有限公司北京建国门外大街证券营业部
172,2016-07-04,000333.XSHE,000333,E,XSHE,美的集团,CNY,23.72,474.4,20.0,机构专用,中国国际金融股份有限公司北京建国门外大街证券营业部
173,2016-07-04,000333.XSHE,000333,E,XSHE,美的集团,CNY,23.72,711.6,30.0,机构专用,中国国际金融股份有限公司北京建国门外大街证券营业部
174,2016-07-04,000333.XSHE,000333,E,XSHE,美的集团,CNY,23.72,1186.0,50.0,机构专用,中国国际金融股份有限公司北京建国门外大街证券营业部
175,2016-07-04,000333.XSHE,000333,E,XSHE,美的集团,CNY,23.72,2372.0,100.0,机构专用,中国国际金融股份有限公司北京建国门外大街证券营业部
176,2016-07-04,000333.XSHE,000333,E,XSHE,美的集团,CNY,23.72,355.8,15.0,机构专用,中国国际金融股份有限公司北京建国门外大街证券营业部
177,2016-07-04,000333.XSHE,000333,E,XSHE,美的集团,CNY,23.72,593.0,25.0,机构专用,中国国际金融股份有限公司北京建国门外大街证券营业部
178,2016-07-04,000333.XSHE,000333,E,XSHE,美的集团,CNY,23.72,948.8,40.0,机构专用,中国国际金融股份有限公司北京建国门外大街证券营业部
179,2016-07-04,000333.XSHE,000333,E,XSHE,美的集团,CNY,23.72,1423.2,60.0,机构专用,中国国际金融股份有限公司北京建国门外大街证券营业部
180,2016-07-04,000333.XSHE,000333,E,XSHE,美的集团,CNY,23.72,13046.0,550.0,机构专用,中国国际金融股份有限公司北京建国门外大街证券营业部
181,2016-07-04,000333.XSHE,000333,E,XSHE,美的集团,CNY,23.72,474.4,20.0,机构专用,中国国际金融股份有限公司北京建国门外大街证券营业部
182,2016-07-04,000333.XSHE,000333,E,XSHE,美的集团,CNY,23.72,711.6,30.0,机构专用,中国国际金融股份有限公司北京建国门外大街证券营业部
183,2016-07-04,000333.XSHE,000333,E,XSHE,美的集团,CNY,23.72,1186.0,50.0,机构专用,中国国际金融股份有限公司北京建国门外大街证券营业部
184,2016-07-04,000333.XSHE,000333,E,XSHE,美的集团,CNY,23.72,2253.4,95.0,机构专用,中国国际金融股份有限公司北京建国门外大街证券营业部
185,2016-07-04,000333.XSHE,000333,E,XSHE,美的集团,CNY,23.72,355.8,15.0,机构专用,中国国际金融股份有限公司北京建国门外大街证券营业部
186,2016-07-04,000333.XSHE,000333,E,XSHE,美的集团,CNY,23.72,132832.0,5600.0,机构专用,中国国际金融股份有限公司北京建国门外大街证券营业部
187,2016-07-04,000333.XSHE,000333,E,XSHE,美的集团,CNY,23.72,593.0,25.0,机构专用,中国国际金融股份有限公司北京建国门外大街证券营业部
188,2016-07-04,000333.XSHE,000333,E,XSHE,美的集团,CNY,23.72,948.8,40.0,机构专用,中国国际金融股份有限公司北京建国门外大街证券营业部
189,2016-07-04,000333.XSHE,000333,E,XSHE,美的集团,CNY,23.72,1423.2,60.0,机构专用,中国国际金融股份有限公司北京建国门外大街证券营业部
190,2016-07-04,000333.XSHE,000333,E,XSHE,美的集团,CNY,23.72,11860.0,500.0,中国国际金融股份有限公司上海淮海中路证券营业部,中国国际金融股份有限公司北京建国门外大街证券营业部
191,2016-07-04,000333.XSHE,000333,E,XSHE,美的集团,CNY,23.72,474.4,20.0,机构专用,中国国际金融股份有限公司北京建国门外大街证券营业部
192,2016-07-04,000333.XSHE,000333,E,XSHE,美的集团,CNY,23.72,711.6,30.0,机构专用,中国国际金融股份有限公司北京建国门外大街证券营业部
193,2016-07-04,000333.XSHE,000333,E,XSHE,美的集团,CNY,23.72,1186.0,50.0,机构专用,中国国际金融股份有限公司北京建国门外大街证券营业部
194,2016-07-04,000333.XSHE,000333,E,XSHE,美的集团,CNY,23.72,1660.4,70.0,机构专用,中国国际金融股份有限公司北京建国门外大街证券营业部
195,2016-07-04,000333.XSHE,000333,E,XSHE,美的集团,CNY,23.72,355.8,15.0,机构专用,中国国际金融股份有限公司北京建国门外大街证券营业部
196,2016-07-04,000333.XSHE,000333,E,XSHE,美的集团,CNY,23.72,104368.0,4400.0,机构专用,中国国际金融股份有限公司北京建国门外大街证券营业部
197,2016-07-04,000333.XSHE,000333,E,XSHE,美的集团,CNY,23.72,711.6,30.0,机构专用,中国国际金融股份有限公司北京建国门外大街证券营业部
198,2016-07-18,000333.XSHE,000333,E,XSHE,美的集团,CNY,28.45,341.4,12.0,中国国际金融股份有限公司深圳福华一路证券营业部,中国国际金融股份有限公司上海淮海中路证券营业部
199,2016-07-22,000333.XSHE,000333,E,XSHE,美的集团,CNY,26.33,9215.5,350.0,机构专用,中国国际金融股份有限公司深圳福华一路证券营业部
200,2016-07-22,000333.XSHE,000333,E,XSHE,美的集团,CNY,26.33,1711.45,65.0,机构专用,中国国际金融股份有限公司深圳福华一路证券营业部
201,2016-07-22,000333.XSHE,000333,E,XSHE,美的集团,CNY,26.33,658.25,25.0,机构专用,中国国际金融股份有限公司深圳福华一路证券营业部
202,2016-07-22,000333.XSHE,000333,E,XSHE,美的集团,CNY,26.33,526.6,20.0,机构专用,中国国际金融股份有限公司深圳福华一路证券营业部
203,2016-07-22,000333.XSHE,000333,E,XSHE,美的集团,CNY,26.33,2633.0,100.0,机构专用,中国国际金融股份有限公司深圳福华一路证券营业部
204,2016-07-22,000333.XSHE,000333,E,XSHE,美的集团,CNY,26.33,1053.2,40.0,机构专用,中国国际金融股份有限公司深圳福华一路证券营业部
205,2016-07-22,000333.XSHE,000333,E,XSHE,美的集团,CNY,26.33,3159.6,120.0,机构专用,中国国际金融股份有限公司深圳福华一路证券营业部
206,2016-07-22,000333.XSHE,000333,E,XSHE,美的集团,CNY,26.33,1316.5,50.0,机构专用,中国国际金融股份有限公司深圳福华一路证券营业部
207,2016-07-22,000333.XSHE,000333,E,XSHE,美的集团,CNY,26.33,4050.17,153.82,机构专用,中国国际金融股份有限公司深圳福华一路证券营业部
208,2016-07-22,000333.XSHE,000333,E,XSHE,美的集团,CNY,26.33,1843.1,70.0,机构专用,中国国际金融股份有限公司深圳福华一路证券营业部
209,2016-07-22,000333.XSHE,000333,E,XSHE,美的集团,CNY,26.33,526.6,20.0,机构专用,中国国际金融股份有限公司深圳福华一路证券营业部
210,2016-07-22,000333.XSHE,000333,E,XSHE,美的集团,CNY,26.33,921.55,35.0,机构专用,中国国际金融股份有限公司深圳福华一路证券营业部
211,2016-07-22,000333.XSHE,000333,E,XSHE,美的集团,CNY,26.33,1053.2,40.0,机构专用,中国国际金融股份有限公司深圳福华一路证券营业部
212,2016-07-22,000333.XSHE,000333,E,XSHE,美的集团,CNY,26.33,3949.5,150.0,机构专用,中国国际金融股份有限公司深圳福华一路证券营业部
213,2016-07-22,000333.XSHE,000333,E,XSHE,美的集团,CNY,26.33,7065.33,268.34,机构专用,中国国际金融股份有限公司深圳福华一路证券营业部
214,2016-07-22,000333.XSHE,000333,E,XSHE,美的集团,CNY,26.33,1579.8,60.0,机构专用,中国国际金融股份有限公司深圳福华一路证券营业部
215,2016-07-22,000333.XSHE,000333,E,XSHE,美的集团,CNY,26.33,658.25,25.0,机构专用,中国国际金融股份有限公司深圳福华一路证券营业部
216,2016-07-22,000333.XSHE,000333,E,XSHE,美的集团,CNY,26.33,263.3,10.0,机构专用,中国国际金融股份有限公司深圳福华一路证券营业部
217,2016-07-22,000333.XSHE,000333,E,XSHE,美的集团,CNY,26.33,2106.4,80.0,机构专用,中国国际金融股份有限公司深圳福华一路证券营业部
218,2016-07-22,000333.XSHE,000333,E,XSHE,美的集团,CNY,26.33,1053.2,40.0,机构专用,中国国际金融股份有限公司深圳福华一路证券营业部
219,2016-07-22,000333.XSHE,000333,E,XSHE,美的集团,CNY,26.33,526.6,20.0,机构专用,中国国际金融股份有限公司深圳福华一路证券营业部
220,2016-07-22,000333.XSHE,000333,E,XSHE,美的集团,CNY,26.33,1316.5,50.0,机构专用,中国国际金融股份有限公司深圳福华一路证券营业部
221,2016-07-22,000333.XSHE,000333,E,XSHE,美的集团,CNY,26.33,3949.5,150.0,机构专用,中国国际金融股份有限公司深圳福华一路证券营业部
222,2016-07-22,000333.XSHE,000333,E,XSHE,美的集团,CNY,26.33,1843.1,70.0,机构专用,中国国际金融股份有限公司深圳福华一路证券营业部
223,2016-07-22,000333.XSHE,000333,E,XSHE,美的集团,CNY,26.33,30090.95,1142.84,机构专用,中国国际金融股份有限公司深圳福华一路证券营业部
224,2016-07-22,000333.XSHE,000333,E,XSHE,美的集团,CNY,26.33,526.6,20.0,机构专用,中国国际金融股份有限公司深圳福华一路证券营业部
225,2016-07-22,000333.XSHE,000333,E,XSHE,美的集团,CNY,26.33,789.9,30.0,机构专用,中国国际金融股份有限公司深圳福华一路证券营业部
226,2016-07-22,000333.XSHE,000333,E,XSHE,美的集团,CNY,26.33,1053.2,40.0,机构专用,中国国际金融股份有限公司深圳福华一路证券营业部
227,2016-07-22,000333.XSHE,000333,E,XSHE,美的集团,CNY,26.33,3422.9,130.0,机构专用,中国国际金融股份有限公司深圳福华一路证券营业部
228,2016-07-22,000333.XSHE,000333,E,XSHE,美的集团,CNY,26.33,1579.8,60.0,机构专用,中国国际金融股份有限公司深圳福华一路证券营业部
229,2016-07-22,000333.XSHE,000333,E,XSHE,美的集团,CNY,26.33,5792.6,220.0,机构专用,中国国际金融股份有限公司深圳福华一路证券营业部
230,2016-07-22,000333.XSHE,000333,E,XSHE,美的集团,CNY,26.33,658.25,25.0,机构专用,中国国际金融股份有限公司深圳福华一路证券营业部
231,2016-07-22,000333.XSHE,000333,E,XSHE,美的集团,CNY,26.33,2896.3,110.0,机构专用,中国国际金融股份有限公司深圳福华一路证券营业部
232,2016-07-22,000333.XSHE,000333,E,XSHE,美的集团,CNY,26.33,2106.4,80.0,机构专用,中国国际金融股份有限公司深圳福华一路证券营业部
233,2016-07-22,000333.XSHE,000333,E,XSHE,美的集团,CNY,26.33,1053.2,40.0,机构专用,中国国际金融股份有限公司深圳福华一路证券营业部
234,2016-07-22,000333.XSHE,000333,E,XSHE,美的集团,CNY,26.33,526.6,20.0,机构专用,中国国际金融股份有限公司深圳福华一路证券营业部
235,2016-07-22,000333.XSHE,000333,E,XSHE,美的集团,CNY,26.33,1316.5,50.0,机构专用,中国国际金融股份有限公司深圳福华一路证券营业部
236,2016-07-22,000333.XSHE,000333,E,XSHE,美的集团,CNY,26.33,3949.5,150.0,机构专用,中国国际金融股份有限公司深圳福华一路证券营业部
237,2016-07-22,000333.XSHE,000333,E,XSHE,美的集团,CNY,26.33,1843.1,70.0,机构专用,中国国际金融股份有限公司深圳福华一路证券营业部
238,2016-07-22,000333.XSHE,000333,E,XSHE,美的集团,CNY,26.33,15798.0,600.0,中国国际金融股份有限公司上海淮海中路证券营业部,中国国际金融股份有限公司深圳福华一路证券营业部
239,2016-07-22,000333.XSHE,000333,E,XSHE,美的集团,CNY,26.33,789.9,30.0,机构专用,中国国际金融股份有限公司深圳福华一路证券营业部
240,2016-07-22,000333.XSHE,000333,E,XSHE,美的集团,CNY,26.33,526.6,20.0,机构专用,中国国际金融股份有限公司深圳福华一路证券营业部
241,2016-07-22,000333.XSHE,000333,E,XSHE,美的集团,CNY,26.33,1053.2,40.0,机构专用,中国国际金融股份有限公司深圳福华一路证券营业部
242,2016-07-22,000333.XSHE,000333,E,XSHE,美的集团,CNY,26.33,3159.6,120.0,机构专用,中国国际金融股份有限公司深圳福华一路证券营业部
243,2016-07-22,000333.XSHE,000333,E,XSHE,美的集团,CNY,26.33,1579.8,60.0,机构专用,中国国际金融股份有限公司深圳福华一路证券营业部
244,2016-07-22,000333.XSHE,000333,E,XSHE,美的集团,CNY,26.33,5792.6,220.0,机构专用,中国国际金融股份有限公司深圳福华一路证券营业部
245,2016-07-22,000333.XSHE,000333,E,XSHE,美的集团,CNY,26.33,658.25,25.0,机构专用,中国国际金融股份有限公司深圳福华一路证券营业部
246,2016-07-22,000333.XSHE,000333,E,XSHE,美的集团,CNY,26.33,1974.75,75.0,机构专用,中国国际金融股份有限公司深圳福华一路证券营业部
247,2016-07-22,000333.XSHE,000333,E,XSHE,美的集团,CNY,26.33,1053.2,40.0,机构专用,中国国际金融股份有限公司深圳福华一路证券营业部
248,2016-07-22,000333.XSHE,000333,E,XSHE,美的集团,CNY,26.33,526.6,20.0,机构专用,中国国际金融股份有限公司深圳福华一路证券营业部
249,2016-07-22,000333.XSHE,000333,E,XSHE,美的集团,CNY,26.33,1053.2,40.0,机构专用,中国国际金融股份有限公司深圳福华一路证券营业部
250,2016-07-22,000333.XSHE,000333,E,XSHE,美的集团,CNY,26.33,3949.5,150.0,机构专用,中国国际金融股份有限公司深圳福华一路证券营业部
251,2016-07-22,000333.XSHE,000333,E,XSHE,美的集团,CNY,26.33,11848.5,450.0,机构专用,中国国际金融股份有限公司深圳福华一路证券营业部
252,2016-07-22,000333.XSHE,000333,E,XSHE,美的集团,CNY,26.33,1711.45,65.0,机构专用,中国国际金融股份有限公司深圳福华一路证券营业部
253,2016-07-22,000333.XSHE,000333,E,XSHE,美的集团,CNY,26.33,789.9,30.0,机构专用,中国国际金融股份有限公司深圳福华一路证券营业部
254,2016-07-22,000333.XSHE,000333,E,XSHE,美的集团,CNY,26.33,526.6,20.0,机构专用,中国国际金融股份有限公司深圳福华一路证券营业部
255,2016-07-22,000333.XSHE,000333,E,XSHE,美的集团,CNY,26.33,2633.0,100.0,机构专用,中国国际金融股份有限公司深圳福华一路证券营业部
256,2016-07-22,000333.XSHE,000333,E,XSHE,美的集团,CNY,26.33,1053.2,40.0,机构专用,中国国际金融股份有限公司深圳福华一路证券营业部
257,2016-07-22,000333.XSHE,000333,E,XSHE,美的集团,CNY,26.33,3159.6,120.0,机构专用,中国国际金融股份有限公司深圳福华一路证券营业部
258,2016-07-22,000333.XSHE,000333,E,XSHE,美的集团,CNY,26.33,1579.8,60.0,机构专用,中国国际金融股份有限公司深圳福华一路证券营业部
259,2016-07-22,000333.XSHE,000333,E,XSHE,美的集团,CNY,26.33,4212.8,160.0,机构专用,中国国际金融股份有限公司深圳福华一路证券营业部
260,2016-07-22,000333.XSHE,000333,E,XSHE,美的集团,CNY,26.33,1843.1,70.0,机构专用,中国国际金融股份有限公司深圳福华一路证券营业部
261,2016-07-22,000333.XSHE,000333,E,XSHE,美的集团,CNY,26.33,526.6,20.0,机构专用,中国国际金融股份有限公司深圳福华一路证券营业部
262,2016-07-22,000333.XSHE,000333,E,XSHE,美的集团,CNY,26.33,921.55,35.0,机构专用,中国国际金融股份有限公司深圳福华一路证券营业部
263,2016-07-22,000333.XSHE,000333,E,XSHE,美的集团,CNY,26.33,1053.2,40.0,机构专用,中国国际金融股份有限公司深圳福华一路证券营业部
264,2016-07-22,000333.XSHE,000333,E,XSHE,美的集团,CNY,26.33,3949.5,150.0,机构专用,中国国际金融股份有限公司深圳福华一路证券营业部
265,2016-07-28,000333.XSHE,000333,E,XSHE,美的集团,CNY,27.7,304.7,11.0,中国国际金融股份有限公司厦门莲岳路证券营业部,中国国际金融股份有限公司上海淮海中路证券营业部
266,2016-08-02,000333.XSHE,000333,E,XSHE,美的集团,CNY,27.2,217.6,8.0,中国国际金融股份有限公司上海分公司,国金证券股份有限公司上海浦东新区芳甸路证券营业部
267,2016-08-04,000333.XSHE,000333,E,XSHE,美的集团,CNY,27.8,333.6,12.0,中国国际金融股份有限公司上海淮海中路证券营业部,中国国际金融股份有限公司深圳福华一路证券营业部
268,2016-08-18,000333.XSHE,000333,E,XSHE,美的集团,CNY,28.05,300.14,10.7,中国国际金融股份有限公司厦门莲岳路证券营业部,中国国际金融股份有限公司上海淮海中路证券营业部
269,2016-08-24,000333.XSHE,000333,E,XSHE,美的集团,CNY,24.87,248.7,10.0,财通证券股份有限公司湖州红旗路证券营业部,中国国际金融股份有限公司上海分公司
270,2016-08-30,000333.XSHE,000333,E,XSHE,美的集团,CNY,26.9,287.83,10.7,中国国际金融股份有限公司上海淮海中路证券营业部,中国国际金融股份有限公司厦门莲岳路证券营业部
271,2016-09-12,000333.XSHE,000333,E,XSHE,美的集团,CNY,26.0,364.0,14.0,中国国际金融股份有限公司上海淮海中路证券营业部,中国国际金融股份有限公司上海分公司
272,2016-09-13,000333.XSHE,000333,E,XSHE,美的集团,CNY,25.94,778.2,30.0,机构专用,中国国际金融股份有限公司深圳福华一路证券营业部
273,2016-09-13,000333.XSHE,000333,E,XSHE,美的集团,CNY,25.94,259.4,10.0,机构专用,中国国际金融股份有限公司深圳福华一路证券营业部
274,2016-09-13,000333.XSHE,000333,E,XSHE,美的集团,CNY,25.94,1037.6,40.0,机构专用,中国国际金融股份有限公司深圳福华一路证券营业部
275,2016-09-13,000333.XSHE,000333,E,XSHE,美的集团,CNY,25.94,1297.0,50.0,机构专用,中国国际金融股份有限公司深圳福华一路证券营业部
276,2016-09-13,000333.XSHE,000333,E,XSHE,美的集团,CNY,25.94,518.8,20.0,机构专用,中国国际金融股份有限公司深圳福华一路证券营业部
277,2016-09-13,000333.XSHE,000333,E,XSHE,美的集团,CNY,25.94,259.4,10.0,机构专用,中国国际金融股份有限公司深圳福华一路证券营业部
278,2016-09-13,000333.XSHE,000333,E,XSHE,美的集团,CNY,25.94,778.2,30.0,机构专用,中国国际金融股份有限公司深圳福华一路证券营业部
279,2016-09-13,000333.XSHE,000333,E,XSHE,美的集团,CNY,25.94,502.68,19.38,机构专用,中国国际金融股份有限公司深圳福华一路证券营业部
280,2016-09-13,000333.XSHE,000333,E,XSHE,美的集团,CNY,25.94,1037.6,40.0,机构专用,中国国际金融股份有限公司深圳福华一路证券营业部
281,2016-09-13,000333.XSHE,000333,E,XSHE,美的集团,CNY,25.94,14267.0,550.0,机构专用,中国国际金融股份有限公司深圳福华一路证券营业部
282,2016-09-13,000333.XSHE,000333,E,XSHE,美的集团,CNY,25.94,778.2,30.0,机构专用,中国国际金融股份有限公司深圳福华一路证券营业部
283,2016-09-13,000333.XSHE,000333,E,XSHE,美的集团,CNY,25.94,259.4,10.0,机构专用,中国国际金融股份有限公司深圳福华一路证券营业部
284,2016-09-13,000333.XSHE,000333,E,XSHE,美的集团,CNY,25.94,893.5,34.45,机构专用,中国国际金融股份有限公司深圳福华一路证券营业部
285,2016-09-13,000333.XSHE,000333,E,XSHE,美的集团,CNY,25.94,1297.0,50.0,机构专用,中国国际金融股份有限公司深圳福华一路证券营业部
286,2016-09-13,000333.XSHE,000333,E,XSHE,美的集团,CNY,25.94,518.8,20.0,机构专用,中国国际金融股份有限公司深圳福华一路证券营业部
287,2016-09-13,000333.XSHE,000333,E,XSHE,美的集团,CNY,25.94,259.4,10.0,机构专用,中国国际金融股份有限公司深圳福华一路证券营业部
288,2016-09-13,000333.XSHE,000333,E,XSHE,美的集团,CNY,25.94,778.2,30.0,机构专用,中国国际金融股份有限公司深圳福华一路证券营业部
289,2016-09-13,000333.XSHE,000333,E,XSHE,美的集团,CNY,25.94,1037.6,40.0,机构专用,中国国际金融股份有限公司深圳福华一路证券营业部
290,2016-09-13,000333.XSHE,000333,E,XSHE,美的集团,CNY,25.94,389.1,15.0,机构专用,中国国际金融股份有限公司深圳福华一路证券营业部
291,2016-09-13,000333.XSHE,000333,E,XSHE,美的集团,CNY,25.94,6666.58,257.0,中国国际金融股份有限公司上海淮海中路证券营业部,中国国际金融股份有限公司深圳福华一路证券营业部
292,2016-09-13,000333.XSHE,000333,E,XSHE,美的集团,CNY,25.94,518.8,20.0,机构专用,中国国际金融股份有限公司深圳福华一路证券营业部
293,2016-09-13,000333.XSHE,000333,E,XSHE,美的集团,CNY,25.94,259.4,10.0,机构专用,中国国际金融股份有限公司深圳福华一路证券营业部
294,2016-09-13,000333.XSHE,000333,E,XSHE,美的集团,CNY,25.94,778.2,30.0,机构专用,中国国际金融股份有限公司深圳福华一路证券营业部
295,2016-09-13,000333.XSHE,000333,E,XSHE,美的集团,CNY,25.94,518.8,20.0,机构专用,中国国际金融股份有限公司深圳福华一路证券营业部
296,2016-09-13,000333.XSHE,000333,E,XSHE,美的集团,CNY,25.94,1297.0,50.0,机构专用,中国国际金融股份有限公司深圳福华一路证券营业部
297,2016-09-13,000333.XSHE,000333,E,XSHE,美的集团,CNY,25.94,518.8,20.0,机构专用,中国国际金融股份有限公司深圳福华一路证券营业部
298,2016-09-13,000333.XSHE,000333,E,XSHE,美的集团,CNY,25.94,778.2,30.0,机构专用,中国国际金融股份有限公司深圳福华一路证券营业部
299,2016-09-13,000333.XSHE,000333,E,XSHE,美的集团,CNY,25.94,1037.6,40.0,机构专用,中国国际金融股份有限公司深圳福华一路证券营业部
300,2016-09-13,000333.XSHE,000333,E,XSHE,美的集团,CNY,25.94,389.1,15.0,机构专用,中国国际金融股份有限公司深圳福华一路证券营业部
301,2016-09-13,000333.XSHE,000333,E,XSHE,美的集团,CNY,25.94,5188.0,200.0,机构专用,中国国际金融股份有限公司深圳福华一路证券营业部
302,2016-09-13,000333.XSHE,000333,E,XSHE,美的集团,CNY,25.94,518.8,20.0,机构专用,中国国际金融股份有限公司深圳福华一路证券营业部
303,2016-09-13,000333.XSHE,000333,E,XSHE,美的集团,CNY,25.94,259.4,10.0,机构专用,中国国际金融股份有限公司深圳福华一路证券营业部
304,2016-09-13,000333.XSHE,000333,E,XSHE,美的集团,CNY,25.94,778.2,30.0,机构专用,中国国际金融股份有限公司深圳福华一路证券营业部
305,2016-09-13,000333.XSHE,000333,E,XSHE,美的集团,CNY,25.94,518.8,20.0,机构专用,中国国际金融股份有限公司深圳福华一路证券营业部
306,2016-09-13,000333.XSHE,000333,E,XSHE,美的集团,CNY,25.94,1297.0,50.0,机构专用,中国国际金融股份有限公司深圳福华一路证券营业部
307,2016-09-13,000333.XSHE,000333,E,XSHE,美的集团,CNY,25.94,518.8,20.0,机构专用,中国国际金融股份有限公司深圳福华一路证券营业部
308,2016-09-13,000333.XSHE,000333,E,XSHE,美的集团,CNY,25.94,778.2,30.0,机构专用,中国国际金融股份有限公司深圳福华一路证券营业部
309,2016-09-13,000333.XSHE,000333,E,XSHE,美的集团,CNY,25.94,1037.6,40.0,机构专用,中国国际金融股份有限公司深圳福华一路证券营业部
310,2016-09-13,000333.XSHE,000333,E,XSHE,美的集团,CNY,25.94,259.4,10.0,机构专用,中国国际金融股份有限公司深圳福华一路证券营业部
311,2016-09-13,000333.XSHE,000333,E,XSHE,美的集团,CNY,25.94,3891.0,150.0,机构专用,中国国际金融股份有限公司深圳福华一路证券营业部
312,2016-09-13,000333.XSHE,000333,E,XSHE,美的集团,CNY,25.94,518.8,20.0,机构专用,中国国际金融股份有限公司深圳福华一路证券营业部
313,2016-09-13,000333.XSHE,000333,E,XSHE,美的集团,CNY,25.94,259.4,10.0,机构专用,中国国际金融股份有限公司深圳福华一路证券营业部
314,2016-09-13,000333.XSHE,000333,E,XSHE,美的集团,CNY,25.94,778.2,30.0,机构专用,中国国际金融股份有限公司深圳福华一路证券营业部
315,2016-09-13,000333.XSHE,000333,E,XSHE,美的集团,CNY,25.94,518.8,20.0,机构专用,中国国际金融股份有限公司深圳福华一路证券营业部
316,2016-09-13,000333.XSHE,000333,E,XSHE,美的集团,CNY,25.94,1197.82,46.18,机构专用,中国国际金融股份有限公司深圳福华一路证券营业部
317,2016-09-13,000333.XSHE,000333,E,XSHE,美的集团,CNY,25.94,518.8,20.0,机构专用,中国国际金融股份有限公司深圳福华一路证券营业部
318,2016-09-23,000333.XSHE,000333,E,XSHE,美的集团,CNY,26.26,2089.81,79.58,机构专用,机构专用
319,2016-09-26,000333.XSHE,000333,E,XSHE,美的集团,CNY,23.63,11815.0,500.0,海通证券股份有限公司佛山顺德新宁路证券营业部,海通证券股份有限公司厦门乐海北里证券营业部
320,2016-09-27,000333.XSHE,000333,E,XSHE,美的集团,CNY,23.42,14052.0,600.0,海通证券股份有限公司佛山顺德新宁路证券营业部,海通证券股份有限公司厦门乐海北里证券营业部
321,2016-09-28,000333.XSHE,000333,E,XSHE,美的集团,CNY,26.19,6133.02,234.17,机构专用,机构专用
322,2016-09-28,000333.XSHE,000333,E,XSHE,美的集团,CNY,23.54,4708.0,200.0,海通证券股份有限公司佛山顺德新宁路证券营业部,海通证券股份有限公司厦门乐海北里证券营业部
323,2016-09-30,000333.XSHE,000333,E,XSHE,美的集团,CNY,27.01,202.58,7.5,机构专用,机构专用
324,2016-10-10,000333.XSHE,000333,E,XSHE,美的集团,CNY,25.87,776.1,30.0,机构专用,中国国际金融股份有限公司广州天河路证券营业部
325,2016-10-10,000333.XSHE,000333,E,XSHE,美的集团,CNY,25.87,1293.5,50.0,机构专用,中国国际金融股份有限公司广州天河路证券营业部
326,2016-10-10,000333.XSHE,000333,E,XSHE,美的集团,CNY,25.87,1552.2,60.0,机构专用,中国国际金融股份有限公司广州天河路证券营业部
327,2016-10-10,000333.XSHE,000333,E,XSHE,美的集团,CNY,25.87,4915.3,190.0,机构专用,中国国际金融股份有限公司广州天河路证券营业部
328,2016-10-10,000333.XSHE,000333,E,XSHE,美的集团,CNY,25.87,1034.8,40.0,机构专用,中国国际金融股份有限公司广州天河路证券营业部
329,2016-10-10,000333.XSHE,000333,E,XSHE,美的集团,CNY,25.87,258.7,10.0,机构专用,中国国际金融股份有限公司广州天河路证券营业部
330,2016-10-10,000333.XSHE,000333,E,XSHE,美的集团,CNY,25.87,2587.0,100.0,机构专用,中国国际金融股份有限公司广州天河路证券营业部
331,2016-10-10,000333.XSHE,000333,E,XSHE,美的集团,CNY,25.87,1293.5,50.0,机构专用,中国国际金融股份有限公司广州天河路证券营业部
332,2016-10-10,000333.XSHE,000333,E,XSHE,美的集团,CNY,25.87,517.4,20.0,机构专用,中国国际金融股份有限公司广州天河路证券营业部
333,2016-10-10,000333.XSHE,000333,E,XSHE,美的集团,CNY,25.87,49153.0,1900.0,机构专用,中国国际金融股份有限公司广州天河路证券营业部
334,2016-10-10,000333.XSHE,000333,E,XSHE,美的集团,CNY,25.87,776.1,30.0,机构专用,中国国际金融股份有限公司广州天河路证券营业部
335,2016-10-10,000333.XSHE,000333,E,XSHE,美的集团,CNY,25.87,1552.2,60.0,机构专用,中国国际金融股份有限公司广州天河路证券营业部
336,2016-10-10,000333.XSHE,000333,E,XSHE,美的集团,CNY,25.87,2069.6,80.0,机构专用,中国国际金融股份有限公司广州天河路证券营业部
337,2016-10-10,000333.XSHE,000333,E,XSHE,美的集团,CNY,25.87,3880.5,150.0,机构专用,中国国际金融股份有限公司广州天河路证券营业部
338,2016-10-10,000333.XSHE,000333,E,XSHE,美的集团,CNY,25.87,1164.15,45.0,机构专用,中国国际金融股份有限公司广州天河路证券营业部
339,2016-10-10,000333.XSHE,000333,E,XSHE,美的集团,CNY,25.87,517.4,20.0,机构专用,中国国际金融股份有限公司广州天河路证券营业部
340,2016-10-10,000333.XSHE,000333,E,XSHE,美的集团,CNY,25.87,3104.4,120.0,机构专用,中国国际金融股份有限公司广州天河路证券营业部
341,2016-10-10,000333.XSHE,000333,E,XSHE,美的集团,CNY,25.87,5691.4,220.0,机构专用,中国国际金融股份有限公司广州天河路证券营业部
342,2016-10-10,000333.XSHE,000333,E,XSHE,美的集团,CNY,25.87,646.75,25.0,机构专用,中国国际金融股份有限公司广州天河路证券营业部
343,2016-10-10,000333.XSHE,000333,E,XSHE,美的集团,CNY,25.87,1293.5,50.0,机构专用,中国国际金融股份有限公司广州天河路证券营业部
344,2016-10-10,000333.XSHE,000333,E,XSHE,美的集团,CNY,25.87,1552.2,60.0,机构专用,中国国际金融股份有限公司广州天河路证券营业部
345,2016-10-10,000333.XSHE,000333,E,XSHE,美的集团,CNY,25.87,905.45,35.0,机构专用,中国国际金融股份有限公司广州天河路证券营业部
346,2016-10-10,000333.XSHE,000333,E,XSHE,美的集团,CNY,25.87,258.7,10.0,机构专用,中国国际金融股份有限公司广州天河路证券营业部
347,2016-10-10,000333.XSHE,000333,E,XSHE,美的集团,CNY,25.87,2587.0,100.0,机构专用,中国国际金融股份有限公司广州天河路证券营业部
348,2016-10-10,000333.XSHE,000333,E,XSHE,美的集团,CNY,25.87,4656.6,180.0,机构专用,中国国际金融股份有限公司广州天河路证券营业部
349,2016-10-10,000333.XSHE,000333,E,XSHE,美的集团,CNY,25.87,905.45,35.0,机构专用,中国国际金融股份有限公司广州天河路证券营业部
350,2016-10-10,000333.XSHE,000333,E,XSHE,美的集团,CNY,25.87,1293.5,50.0,机构专用,中国国际金融股份有限公司广州天河路证券营业部
351,2016-10-10,000333.XSHE,000333,E,XSHE,美的集团,CNY,25.87,517.4,20.0,机构专用,中国国际金融股份有限公司广州天河路证券营业部
352,2016-10-10,000333.XSHE,000333,E,XSHE,美的集团,CNY,25.87,14228.5,550.0,机构专用,中国国际金融股份有限公司广州天河路证券营业部
353,2016-10-10,000333.XSHE,000333,E,XSHE,美的集团,CNY,25.87,776.1,30.0,机构专用,中国国际金融股份有限公司广州天河路证券营业部
354,2016-10-10,000333.XSHE,000333,E,XSHE,美的集团,CNY,25.87,1552.2,60.0,机构专用,中国国际金融股份有限公司广州天河路证券营业部
355,2016-10-10,000333.XSHE,000333,E,XSHE,美的集团,CNY,25.87,2069.6,80.0,机构专用,中国国际金融股份有限公司广州天河路证券营业部
356,2016-10-10,000333.XSHE,000333,E,XSHE,美的集团,CNY,25.87,3880.5,150.0,机构专用,中国国际金融股份有限公司广州天河路证券营业部
357,2016-10-10,000333.XSHE,000333,E,XSHE,美的集团,CNY,25.87,5691.4,220.0,机构专用,中国国际金融股份有限公司广州天河路证券营业部
358,2016-10-10,000333.XSHE,000333,E,XSHE,美的集团,CNY,25.87,1164.15,45.0,机构专用,中国国际金融股份有限公司广州天河路证券营业部
359,2016-10-10,000333.XSHE,000333,E,XSHE,美的集团,CNY,25.87,517.4,20.0,机构专用,中国国际金融股份有限公司广州天河路证券营业部
360,2016-10-10,000333.XSHE,000333,E,XSHE,美的集团,CNY,25.87,3104.4,120.0,机构专用,中国国际金融股份有限公司广州天河路证券营业部
361,2016-10-10,000333.XSHE,000333,E,XSHE,美的集团,CNY,25.87,1293.5,50.0,机构专用,中国国际金融股份有限公司广州天河路证券营业部
362,2016-10-10,000333.XSHE,000333,E,XSHE,美的集团,CNY,25.87,646.75,25.0,机构专用,中国国际金融股份有限公司广州天河路证券营业部
363,2016-10-10,000333.XSHE,000333,E,XSHE,美的集团,CNY,25.87,1552.2,60.0,机构专用,中国国际金融股份有限公司广州天河路证券营业部
364,2016-10-10,000333.XSHE,000333,E,XSHE,美的集团,CNY,25.87,905.45,35.0,机构专用,中国国际金融股份有限公司广州天河路证券营业部
365,2016-10-10,000333.XSHE,000333,E,XSHE,美的集团,CNY,25.87,258.7,10.0,机构专用,中国国际金融股份有限公司广州天河路证券营业部
366,2016-10-10,000333.XSHE,000333,E,XSHE,美的集团,CNY,25.87,2328.3,90.0,机构专用,中国国际金融股份有限公司广州天河路证券营业部
367,2016-10-10,000333.XSHE,000333,E,XSHE,美的集团,CNY,25.87,4656.6,180.0,机构专用,中国国际金融股份有限公司广州天河路证券营业部
368,2016-10-10,000333.XSHE,000333,E,XSHE,美的集团,CNY,25.87,1293.5,50.0,机构专用,中国国际金融股份有限公司广州天河路证券营业部
369,2016-10-10,000333.XSHE,000333,E,XSHE,美的集团,CNY,25.87,517.4,20.0,机构专用,中国国际金融股份有限公司广州天河路证券营业部
370,2016-10-10,000333.XSHE,000333,E,XSHE,美的集团,CNY,25.87,10348.0,400.0,中国国际金融股份有限公司上海分公司,中国国际金融股份有限公司广州天河路证券营业部
371,2016-10-10,000333.XSHE,000333,E,XSHE,美的集团,CNY,25.87,776.1,30.0,机构专用,中国国际金融股份有限公司广州天河路证券营业部
372,2016-10-10,000333.XSHE,000333,E,XSHE,美的集团,CNY,25.87,1552.2,60.0,机构专用,中国国际金融股份有限公司广州天河路证券营业部
373,2016-10-10,000333.XSHE,000333,E,XSHE,美的集团,CNY,25.87,1810.9,70.0,机构专用,中国国际金融股份有限公司广州天河路证券营业部
374,2016-10-10,000333.XSHE,000333,E,XSHE,美的集团,CNY,25.87,3363.1,130.0,机构专用,中国国际金融股份有限公司广州天河路证券营业部
375,2016-10-10,000333.XSHE,000333,E,XSHE,美的集团,CNY,25.87,5691.4,220.0,机构专用,中国国际金融股份有限公司广州天河路证券营业部
376,2016-10-10,000333.XSHE,000333,E,XSHE,美的集团,CNY,25.87,1034.8,40.0,机构专用,中国国际金融股份有限公司广州天河路证券营业部
377,2016-10-10,000333.XSHE,000333,E,XSHE,美的集团,CNY,25.87,517.4,20.0,机构专用,中国国际金融股份有限公司广州天河路证券营业部
378,2016-10-10,000333.XSHE,000333,E,XSHE,美的集团,CNY,25.87,2845.7,110.0,机构专用,中国国际金融股份有限公司广州天河路证券营业部
379,2016-10-10,000333.XSHE,000333,E,XSHE,美的集团,CNY,25.87,1293.5,50.0,机构专用,中国国际金融股份有限公司广州天河路证券营业部
380,2016-10-10,000333.XSHE,000333,E,XSHE,美的集团,CNY,25.87,646.75,25.0,机构专用,中国国际金融股份有限公司广州天河路证券营业部
381,2016-10-10,000333.XSHE,000333,E,XSHE,美的集团,CNY,25.87,1552.2,60.0,机构专用,中国国际金融股份有限公司广州天河路证券营业部
382,2016-10-10,000333.XSHE,000333,E,XSHE,美的集团,CNY,25.87,905.45,35.0,机构专用,中国国际金融股份有限公司广州天河路证券营业部
383,2016-10-10,000333.XSHE,000333,E,XSHE,美的集团,CNY,25.87,258.7,10.0,机构专用,中国国际金融股份有限公司广州天河路证券营业部
384,2016-10-10,000333.XSHE,000333,E,XSHE,美的集团,CNY,25.87,2328.3,90.0,机构专用,中国国际金融股份有限公司广州天河路证券营业部
385,2016-10-10,000333.XSHE,000333,E,XSHE,美的集团,CNY,25.87,4397.9,170.0,机构专用,中国国际金融股份有限公司广州天河路证券营业部
386,2016-10-10,000333.XSHE,000333,E,XSHE,美的集团,CNY,25.87,1293.5,50.0,机构专用,中国国际金融股份有限公司广州天河路证券营业部
387,2016-10-10,000333.XSHE,000333,E,XSHE,美的集团,CNY,25.87,517.4,20.0,机构专用,中国国际金融股份有限公司广州天河路证券营业部
388,2016-10-10,000333.XSHE,000333,E,XSHE,美的集团,CNY,25.87,10348.0,400.0,机构专用,中国国际金融股份有限公司广州天河路证券营业部
389,2016-10-10,000333.XSHE,000333,E,XSHE,美的集团,CNY,25.87,776.1,30.0,机构专用,中国国际金融股份有限公司广州天河路证券营业部
390,2016-10-10,000333.XSHE,000333,E,XSHE,美的集团,CNY,25.87,1552.2,60.0,机构专用,中国国际金融股份有限公司广州天河路证券营业部
391,2016-10-10,000333.XSHE,000333,E,XSHE,美的集团,CNY,25.87,1810.9,70.0,机构专用,中国国际金融股份有限公司广州天河路证券营业部
392,2016-10-10,000333.XSHE,000333,E,XSHE,美的集团,CNY,25.87,5174.0,200.0,机构专用,中国国际金融股份有限公司广州天河路证券营业部
393,2016-10-10,000333.XSHE,000333,E,XSHE,美的集团,CNY,25.87,1034.8,40.0,机构专用,中国国际金融股份有限公司广州天河路证券营业部
394,2016-10-10,000333.XSHE,000333,E,XSHE,美的集团,CNY,25.87,388.05,15.0,机构专用,中国国际金融股份有限公司广州天河路证券营业部
395,2016-10-10,000333.XSHE,000333,E,XSHE,美的集团,CNY,25.87,2587.0,100.0,机构专用,中国国际金融股份有限公司广州天河路证券营业部
396,2016-10-10,000333.XSHE,000333,E,XSHE,美的集团,CNY,25.87,1293.5,50.0,机构专用,中国国际金融股份有限公司广州天河路证券营业部
397,2016-10-10,000333.XSHE,000333,E,XSHE,美的集团,CNY,25.87,517.4,20.0,机构专用,中国国际金融股份有限公司广州天河路证券营业部
398,2016-10-10,000333.XSHE,000333,E,XSHE,美的集团,CNY,25.87,60794.5,2350.0,机构专用,中国国际金融股份有限公司广州天河路证券营业部
399,2016-10-10,000333.XSHE,000333,E,XSHE,美的集团,CNY,25.87,1552.2,60.0,机构专用,中国国际金融股份有限公司广州天河路证券营业部
400,2016-10-10,000333.XSHE,000333,E,XSHE,美的集团,CNY,25.87,776.1,30.0,机构专用,中国国际金融股份有限公司广州天河路证券营业部
401,2016-10-10,000333.XSHE,000333,E,XSHE,美的集团,CNY,25.87,2198.95,85.0,机构专用,中国国际金融股份有限公司广州天河路证券营业部
402,2016-10-10,000333.XSHE,000333,E,XSHE,美的集团,CNY,25.87,4397.9,170.0,机构专用,中国国际金融股份有限公司广州天河路证券营业部
403,2016-10-10,000333.XSHE,000333,E,XSHE,美的集团,CNY,25.87,1293.5,50.0,机构专用,中国国际金融股份有限公司广州天河路证券营业部
404,2016-10-10,000333.XSHE,000333,E,XSHE,美的集团,CNY,25.87,517.4,20.0,机构专用,中国国际金融股份有限公司广州天河路证券营业部
405,2016-10-10,000333.XSHE,000333,E,XSHE,美的集团,CNY,25.87,7372.95,285.0,机构专用,中国国际金融股份有限公司广州天河路证券营业部
406,2016-10-13,000333.XSHE,000333,E,XSHE,美的集团,CNY,24.13,9652.0,400.0,海通证券股份有限公司佛山顺德新宁路证券营业部,海通证券股份有限公司福清清昌大道证券营业部
407,2016-10-17,000333.XSHE,000333,E,XSHE,美的集团,CNY,26.31,1037.93,39.45,中国国际金融股份有限公司上海淮海中路证券营业部,机构专用
408,2016-10-18,000333.XSHE,000333,E,XSHE,美的集团,CNY,23.64,4988.04,211.0,中国国际金融股份有限公司广州天河路证券营业部,中国国际金融股份有限公司宁波扬帆路证券营业部
409,2016-10-19,000333.XSHE,000333,E,XSHE,美的集团,CNY,23.72,4079.84,172.0,中国国际金融股份有限公司广州天河路证券营业部,中国国际金融股份有限公司宁波扬帆路证券营业部
410,2016-10-20,000333.XSHE,000333,E,XSHE,美的集团,CNY,23.53,18824.0,800.0,海通证券股份有限公司佛山顺德新宁路证券营业部,海通证券股份有限公司福清清昌大道证券营业部
411,2016-10-21,000333.XSHE,000333,E,XSHE,美的集团,CNY,23.63,16399.22,694.0,海通证券股份有限公司佛山顺德新宁路证券营业部,海通证券股份有限公司福清清昌大道证券营业部
412,2016-10-24,000333.XSHE,000333,E,XSHE,美的集团,CNY,23.74,712.2,30.0,海通证券股份有限公司佛山顺德新宁路证券营业部,海通证券股份有限公司福清清昌大道证券营业部
413,2016-10-25,000333.XSHE,000333,E,XSHE,美的集团,CNY,23.99,647.73,27.0,海通证券股份有限公司佛山顺德新宁路证券营业部,海通证券股份有限公司福清清昌大道证券营业部
